@inproceedings{abe:2006,
  author    = {Abeill{\'e}, Anne and Borsley, Robert D. and Espinal,  Maria-Teresa},
  title     = {The syntax of Comparative Correlatives in French and Spanish},
  booktitle = {{Proceedings of the 13th International Conference on Head-Driven Phrase Structure Grammar, Varna}},
  editor    = {M{\"u}ller, Stefan},
  OPTissn   = {15351793},
  url       = {http://cslipublications.stanford.edu/HPSG/2006/abe.pdf},
  publisher = {CSLI Publications},
  address   = {Stanford, CA},
  pages     = {6--26},
  year      = {2006},
}

@inproceedings{abe:2006-cr,
  crossref  = {Mueller2006a-ed},
  author    = {Abeill{\'e}, Anne and Borsley, Robert D. and Espinal,  Maria-Teresa},
  title     = {The syntax of Comparative Correlatives in French and Spanish},
  url       = {http://cslipublications.stanford.edu/HPSG/2006/abe.pdf},
  pages     = {6--26},
}

@proceedings{Mueller2006a-ed,
  editor    = {M{\"u}ller, Stefan},
  title     = {{Proceedings of the 13th International Conference on Head-Driven Phrase Structure Grammar, Varna}},
  booktitle = {{Proceedings of the 13th International Conference on Head-Driven Phrase Structure Grammar, Varna}},
  publisher = {CSLI Publications},
  address   = {Stanford, CA},
  OPTissn   = {15351793},
  url       = {http://cslipublications.stanford.edu/HPSG/2006/},
  year      = {2006},
}

