@inproceedings{avgustinova:2006,
  author    = {Avgustinova, Tania},
  title     = {A Functional Typology of Copular ``be'': Towards an HPSG Formalisation},
  booktitle = {{Proceedings of the 13th International Conference on Head-Driven Phrase Structure Grammar, Varna}},
  editor    = {M{\"u}ller, Stefan},
  OPTissn   = {15351793},
  url       = {http://cslipublications.stanford.edu/HPSG/2006/avgustinova.pdf},
  publisher = {CSLI Publications},
  address   = {Stanford, CA},
  pages     = {27--38},
  year      = {2006},
}

@inproceedings{avgustinova:2006-cr,
  crossref  = {Mueller2006a-ed},
  author    = {Avgustinova, Tania},
  title     = {A Functional Typology of Copular ``be'': Towards an HPSG Formalisation},
  url       = {http://cslipublications.stanford.edu/HPSG/2006/avgustinova.pdf},
  pages     = {27--38},
}

@proceedings{Mueller2006a-ed,
  editor    = {M{\"u}ller, Stefan},
  title     = {{Proceedings of the 13th International Conference on Head-Driven Phrase Structure Grammar, Varna}},
  booktitle = {{Proceedings of the 13th International Conference on Head-Driven Phrase Structure Grammar, Varna}},
  publisher = {CSLI Publications},
  address   = {Stanford, CA},
  OPTissn   = {15351793},
  url       = {http://cslipublications.stanford.edu/HPSG/2006/},
  year      = {2006},
}

