@inproceedings{bonami-delais-roussarie:2006,
  author    = {Bonami, Olivier and Delais-Roussarie,  Elisabeth},
  title     = {Metrical Phonology in HPSG},
  booktitle = {{Proceedings of the 13th International Conference on Head-Driven Phrase Structure Grammar, Varna}},
  editor    = {M{\"u}ller, Stefan},
  OPTissn   = {15351793},
  url       = {http://cslipublications.stanford.edu/HPSG/2006/bonami-delais-roussarie.pdf},
  publisher = {CSLI Publications},
  address   = {Stanford, CA},
  pages     = {39--59},
  year      = {2006},
}

@inproceedings{bonami-delais-roussarie:2006-cr,
  crossref  = {Mueller2006a-ed},
  author    = {Bonami, Olivier and Delais-Roussarie,  Elisabeth},
  title     = {Metrical Phonology in HPSG},
  url       = {http://cslipublications.stanford.edu/HPSG/2006/bonami-delais-roussarie.pdf},
  pages     = {39--59},
}

@proceedings{Mueller2006a-ed,
  editor    = {M{\"u}ller, Stefan},
  title     = {{Proceedings of the 13th International Conference on Head-Driven Phrase Structure Grammar, Varna}},
  booktitle = {{Proceedings of the 13th International Conference on Head-Driven Phrase Structure Grammar, Varna}},
  publisher = {CSLI Publications},
  address   = {Stanford, CA},
  OPTissn   = {15351793},
  url       = {http://cslipublications.stanford.edu/HPSG/2006/},
  year      = {2006},
}

