@inproceedings{bonami-boye:2006,
  author    = {Bonami, Olivier and Boy{\'e},  Gilles},
  title     = {Deriving Inflectional Irregularity},
  booktitle = {{Proceedings of the 13th International Conference on Head-Driven Phrase Structure Grammar, Varna}},
  editor    = {M{\"u}ller, Stefan},
  OPTissn   = {15351793},
  url       = {http://cslipublications.stanford.edu/HPSG/2006/bonami-boye.pdf},
  publisher = {CSLI Publications},
  address   = {Stanford, CA},
  pages     = {361--380},
  year      = {2006},
}

@inproceedings{bonami-boye:2006-cr,
  crossref  = {Mueller2006a-ed},
  author    = {Bonami, Olivier and Boy{\'e},  Gilles},
  title     = {Deriving Inflectional Irregularity},
  url       = {http://cslipublications.stanford.edu/HPSG/2006/bonami-boye.pdf},
  pages     = {361--380},
}

@proceedings{Mueller2006a-ed,
  editor    = {M{\"u}ller, Stefan},
  title     = {{Proceedings of the 13th International Conference on Head-Driven Phrase Structure Grammar, Varna}},
  booktitle = {{Proceedings of the 13th International Conference on Head-Driven Phrase Structure Grammar, Varna}},
  publisher = {CSLI Publications},
  address   = {Stanford, CA},
  OPTissn   = {15351793},
  url       = {http://cslipublications.stanford.edu/HPSG/2006/},
  year      = {2006},
}

