@inproceedings{borsley:2006,
  author    = {Borsley, Robert D.},
  title     = {A Linear Approach to Negative Prominence},
  booktitle = {{Proceedings of the 13th International Conference on Head-Driven Phrase Structure Grammar, Varna}},
  editor    = {M{\"u}ller, Stefan},
  OPTissn   = {15351793},
  url       = {http://cslipublications.stanford.edu/HPSG/2006/borsley.pdf},
  publisher = {CSLI Publications},
  address   = {Stanford, CA},
  pages     = {60--80},
  year      = {2006},
}

@inproceedings{borsley:2006-cr,
  crossref  = {Mueller2006a-ed},
  author    = {Borsley, Robert D.},
  title     = {A Linear Approach to Negative Prominence},
  url       = {http://cslipublications.stanford.edu/HPSG/2006/borsley.pdf},
  pages     = {60--80},
}

@proceedings{Mueller2006a-ed,
  editor    = {M{\"u}ller, Stefan},
  title     = {{Proceedings of the 13th International Conference on Head-Driven Phrase Structure Grammar, Varna}},
  booktitle = {{Proceedings of the 13th International Conference on Head-Driven Phrase Structure Grammar, Varna}},
  publisher = {CSLI Publications},
  address   = {Stanford, CA},
  OPTissn   = {15351793},
  url       = {http://cslipublications.stanford.edu/HPSG/2006/},
  year      = {2006},
}

