@inproceedings{branco-costa:2006,
  author    = {Branco, Ant{\'o}nio and Costa, Francisco},
  title     = {Noun Ellipsis without Empty Categories},
  booktitle = {{Proceedings of the 13th International Conference on Head-Driven Phrase Structure Grammar, Varna}},
  editor    = {M{\"u}ller, Stefan},
  OPTissn   = {15351793},
  url       = {http://cslipublications.stanford.edu/HPSG/2006/branco-costa.pdf},
  publisher = {CSLI Publications},
  address   = {Stanford, CA},
  pages     = {81--101},
  year      = {2006},
}

@inproceedings{branco-costa:2006-cr,
  crossref  = {Mueller2006a-ed},
  author    = {Branco, Ant{\'o}nio and Costa, Francisco},
  title     = {Noun Ellipsis without Empty Categories},
  url       = {http://cslipublications.stanford.edu/HPSG/2006/branco-costa.pdf},
  pages     = {81--101},
}

@proceedings{Mueller2006a-ed,
  editor    = {M{\"u}ller, Stefan},
  title     = {{Proceedings of the 13th International Conference on Head-Driven Phrase Structure Grammar, Varna}},
  booktitle = {{Proceedings of the 13th International Conference on Head-Driven Phrase Structure Grammar, Varna}},
  publisher = {CSLI Publications},
  address   = {Stanford, CA},
  OPTissn   = {15351793},
  url       = {http://cslipublications.stanford.edu/HPSG/2006/},
  year      = {2006},
}

