@inproceedings{brindle:2006,
  author    = {Brindle, Jonathan Allen},
  title     = {Uncovering regularities: On Bare and Evaluated Controllers in Tigrinya},
  booktitle = {{Proceedings of the 13th International Conference on Head-Driven Phrase Structure Grammar, Varna}},
  editor    = {M{\"u}ller, Stefan},
  OPTissn   = {15351793},
  url       = {http://cslipublications.stanford.edu/HPSG/2006/brindle.pdf},
  publisher = {CSLI Publications},
  address   = {Stanford, CA},
  pages     = {381--401},
  year      = {2006},
}

@inproceedings{brindle:2006-cr,
  crossref  = {Mueller2006a-ed},
  author    = {Brindle, Jonathan Allen},
  title     = {Uncovering regularities: On Bare and Evaluated Controllers in Tigrinya},
  url       = {http://cslipublications.stanford.edu/HPSG/2006/brindle.pdf},
  pages     = {381--401},
}

@proceedings{Mueller2006a-ed,
  editor    = {M{\"u}ller, Stefan},
  title     = {{Proceedings of the 13th International Conference on Head-Driven Phrase Structure Grammar, Varna}},
  booktitle = {{Proceedings of the 13th International Conference on Head-Driven Phrase Structure Grammar, Varna}},
  publisher = {CSLI Publications},
  address   = {Stanford, CA},
  OPTissn   = {15351793},
  url       = {http://cslipublications.stanford.edu/HPSG/2006/},
  year      = {2006},
}

