@inproceedings{chaves:2006,
  author    = {Chaves, Rui P.},
  title     = {Coordination of Unlikes without Unlike Categories},
  booktitle = {{Proceedings of the 13th International Conference on Head-Driven Phrase Structure Grammar, Varna}},
  editor    = {M{\"u}ller, Stefan},
  OPTissn   = {15351793},
  url       = {http://cslipublications.stanford.edu/HPSG/2006/chaves.pdf},
  publisher = {CSLI Publications},
  address   = {Stanford, CA},
  pages     = {102--122},
  year      = {2006},
}

@inproceedings{chaves:2006-cr,
  crossref  = {Mueller2006a-ed},
  author    = {Chaves, Rui P.},
  title     = {Coordination of Unlikes without Unlike Categories},
  url       = {http://cslipublications.stanford.edu/HPSG/2006/chaves.pdf},
  pages     = {102--122},
}

@proceedings{Mueller2006a-ed,
  editor    = {M{\"u}ller, Stefan},
  title     = {{Proceedings of the 13th International Conference on Head-Driven Phrase Structure Grammar, Varna}},
  booktitle = {{Proceedings of the 13th International Conference on Head-Driven Phrase Structure Grammar, Varna}},
  publisher = {CSLI Publications},
  address   = {Stanford, CA},
  OPTissn   = {15351793},
  url       = {http://cslipublications.stanford.edu/HPSG/2006/},
  year      = {2006},
}

