@inproceedings{crysmann:2006,
  author    = {Crysmann, Berthold},
  title     = {Floating Affixes in Polish},
  booktitle = {{Proceedings of the 13th International Conference on Head-Driven Phrase Structure Grammar, Varna}},
  editor    = {M{\"u}ller, Stefan},
  OPTissn   = {15351793},
  url       = {http://cslipublications.stanford.edu/HPSG/2006/crysmann.pdf},
  publisher = {CSLI Publications},
  address   = {Stanford, CA},
  pages     = {123--139},
  year      = {2006},
}

@inproceedings{crysmann:2006-cr,
  crossref  = {Mueller2006a-ed},
  author    = {Crysmann, Berthold},
  title     = {Floating Affixes in Polish},
  url       = {http://cslipublications.stanford.edu/HPSG/2006/crysmann.pdf},
  pages     = {123--139},
}

@proceedings{Mueller2006a-ed,
  editor    = {M{\"u}ller, Stefan},
  title     = {{Proceedings of the 13th International Conference on Head-Driven Phrase Structure Grammar, Varna}},
  booktitle = {{Proceedings of the 13th International Conference on Head-Driven Phrase Structure Grammar, Varna}},
  publisher = {CSLI Publications},
  address   = {Stanford, CA},
  OPTissn   = {15351793},
  url       = {http://cslipublications.stanford.edu/HPSG/2006/},
  year      = {2006},
}

