@inproceedings{flouraki:2006,
  author    = {Flouraki, Maria},
  title     = {Constraining Aspectual Composition},
  booktitle = {{Proceedings of the 13th International Conference on Head-Driven Phrase Structure Grammar, Varna}},
  editor    = {M{\"u}ller, Stefan},
  OPTissn   = {15351793},
  url       = {http://cslipublications.stanford.edu/HPSG/2006/flouraki.pdf},
  publisher = {CSLI Publications},
  address   = {Stanford, CA},
  pages     = {140--157},
  year      = {2006},
}

@inproceedings{flouraki:2006-cr,
  crossref  = {Mueller2006a-ed},
  author    = {Flouraki, Maria},
  title     = {Constraining Aspectual Composition},
  url       = {http://cslipublications.stanford.edu/HPSG/2006/flouraki.pdf},
  pages     = {140--157},
}

@proceedings{Mueller2006a-ed,
  editor    = {M{\"u}ller, Stefan},
  title     = {{Proceedings of the 13th International Conference on Head-Driven Phrase Structure Grammar, Varna}},
  booktitle = {{Proceedings of the 13th International Conference on Head-Driven Phrase Structure Grammar, Varna}},
  publisher = {CSLI Publications},
  address   = {Stanford, CA},
  OPTissn   = {15351793},
  url       = {http://cslipublications.stanford.edu/HPSG/2006/},
  year      = {2006},
}

