@inproceedings{fokkens-kordoni:2006,
  author    = {Fokkens, Antske and Kordoni,  Valia},
  title     = {Control, Raising and Case: from the perspective of passives},
  booktitle = {{Proceedings of the 13th International Conference on Head-Driven Phrase Structure Grammar, Varna}},
  editor    = {M{\"u}ller, Stefan},
  OPTissn   = {15351793},
  url       = {http://cslipublications.stanford.edu/HPSG/2006/fokkens-kordoni.pdf},
  publisher = {CSLI Publications},
  address   = {Stanford, CA},
  pages     = {158--173},
  year      = {2006},
}

@inproceedings{fokkens-kordoni:2006-cr,
  crossref  = {Mueller2006a-ed},
  author    = {Fokkens, Antske and Kordoni,  Valia},
  title     = {Control, Raising and Case: from the perspective of passives},
  url       = {http://cslipublications.stanford.edu/HPSG/2006/fokkens-kordoni.pdf},
  pages     = {158--173},
}

@proceedings{Mueller2006a-ed,
  editor    = {M{\"u}ller, Stefan},
  title     = {{Proceedings of the 13th International Conference on Head-Driven Phrase Structure Grammar, Varna}},
  booktitle = {{Proceedings of the 13th International Conference on Head-Driven Phrase Structure Grammar, Varna}},
  publisher = {CSLI Publications},
  address   = {Stanford, CA},
  OPTissn   = {15351793},
  url       = {http://cslipublications.stanford.edu/HPSG/2006/},
  year      = {2006},
}

