@inproceedings{godard-marandin:2006,
  author    = {Godard, Dani\`{e}le and Marandin, Jean-Marie},
  title     = {Reinforcing Negation: the case of Italian},
  booktitle = {{Proceedings of the 13th International Conference on Head-Driven Phrase Structure Grammar, Varna}},
  editor    = {M{\"u}ller, Stefan},
  OPTissn   = {15351793},
  url       = {http://cslipublications.stanford.edu/HPSG/2006/godard-marandin.pdf},
  publisher = {CSLI Publications},
  address   = {Stanford, CA},
  pages     = {174--194},
  year      = {2006},
}

@inproceedings{godard-marandin:2006-cr,
  crossref  = {Mueller2006a-ed},
  author    = {Godard, Dani\`{e}le and Marandin, Jean-Marie},
  title     = {Reinforcing Negation: the case of Italian},
  url       = {http://cslipublications.stanford.edu/HPSG/2006/godard-marandin.pdf},
  pages     = {174--194},
}

@proceedings{Mueller2006a-ed,
  editor    = {M{\"u}ller, Stefan},
  title     = {{Proceedings of the 13th International Conference on Head-Driven Phrase Structure Grammar, Varna}},
  booktitle = {{Proceedings of the 13th International Conference on Head-Driven Phrase Structure Grammar, Varna}},
  publisher = {CSLI Publications},
  address   = {Stanford, CA},
  OPTissn   = {15351793},
  url       = {http://cslipublications.stanford.edu/HPSG/2006/},
  year      = {2006},
}

