@inproceedings{hahm:2006,
  author    = {Hahm, Hyun-Jong},
  title     = {Person and Number Agreement in American Sign Language},
  booktitle = {{Proceedings of the 13th International Conference on Head-Driven Phrase Structure Grammar, Varna}},
  editor    = {M{\"u}ller, Stefan},
  OPTissn   = {15351793},
  url       = {http://cslipublications.stanford.edu/HPSG/2006/hahm.pdf},
  publisher = {CSLI Publications},
  address   = {Stanford, CA},
  pages     = {195--211},
  year      = {2006},
}

@inproceedings{hahm:2006-cr,
  crossref  = {Mueller2006a-ed},
  author    = {Hahm, Hyun-Jong},
  title     = {Person and Number Agreement in American Sign Language},
  url       = {http://cslipublications.stanford.edu/HPSG/2006/hahm.pdf},
  pages     = {195--211},
}

@proceedings{Mueller2006a-ed,
  editor    = {M{\"u}ller, Stefan},
  title     = {{Proceedings of the 13th International Conference on Head-Driven Phrase Structure Grammar, Varna}},
  booktitle = {{Proceedings of the 13th International Conference on Head-Driven Phrase Structure Grammar, Varna}},
  publisher = {CSLI Publications},
  address   = {Stanford, CA},
  OPTissn   = {15351793},
  url       = {http://cslipublications.stanford.edu/HPSG/2006/},
  year      = {2006},
}

