@Proceedings{Mueller2006a-ed,
  editor      =	{Stefan M{\"u}ller},
  title	      =	{The Proceedings of the 13th International Conference on Head-Driven Phrase Structure Grammar},
  booktitle   =	{The Proceedings of the 13th International Conference on Head-Driven Phrase Structure Grammar},
  address     =	{Stanford},
  publisher   =	{CSLI Publications},
  url	      =	{http://cslipublications.stanford.edu/HPSG/7/},
  url_checked = {22.10.2006},
  year	      =	2006
}


@InProceedings{Abeille2006a-cr,
  crossref    = {Mueller2006a-ed},
  author      = {Anne Abeillé and Robert D. Borsley and Maria-Teresa Espinal},
  title       = {The syntax of Comparative Correlatives in French and Spanish},
  pages       = {6--26} 
}


@InProceedings{Abeille2006a,
  author      = {Anne Abeillé and Robert D. Borsley and Maria-Teresa Espinal},
  title       = {The syntax of Comparative Correlatives in French and Spanish},
  booktitle   =	{The Proceedings of the 13th International Conference on Head-Driven Phrase Structure Grammar},
  editor      =	{Stefan M{\"u}ller},
  address     =	{Stanford},
  publisher   =	{CSLI Publications},
  url	      =	{http://cslipublications.stanford.edu/HPSG/7/},
  url_checked = {22.10.2006},
  pages       = {6--26} 
  year	      =	2006
}

@InProceedings{Avgustinova2006a-cr,
  crossref    = {Mueller2006a-ed},
  author      = {Tania Avgustinova},
  title       = {A Functional Typology of Copular ``be'': Towards an HPSG Formalisation}
  pages       = {27--38} 
}


@InProceedings{Avgustinova2006a,
  author      = {Tania Avgustinova},
  title       = {A Functional Typology of Copular ``be'': Towards an HPSG Formalisation}
  booktitle   =	{The Proceedings of the 13th International Conference on Head-Driven Phrase Structure Grammar},
  editor      =	{Stefan M{\"u}ller},
  address     =	{Stanford},
  publisher   =	{CSLI Publications},
  url	      =	{http://cslipublications.stanford.edu/HPSG/7/},
  url_checked = {22.10.2006},
  pages       = {27--38} 
  year	      =	2006
}

@InProceedings{BDR2006a-cr,
  crossref    = {Mueller2006a-ed},
  author      = {Olivier Bonami and Elisabeth Delais-Roussarie},
  title       = {Metrical Phonology in HPSG},
  pages       = {39--59} 
}


@InProceedings{BDR2006a,
  author      = {Olivier Bonami and Elisabeth Delais-Roussarie},
  title       = {Metrical Phonology in HPSG},
  booktitle   =	{The Proceedings of the 13th International Conference on Head-Driven Phrase Structure Grammar},
  editor      =	{Stefan M{\"u}ller},
  address     =	{Stanford},
  publisher   =	{CSLI Publications},
  url	      =	{http://cslipublications.stanford.edu/HPSG/7/},
  url_checked = {22.10.2006},
  pages       = {39--59} 
  year	      =	2006
}

@InProceedings{Borsley2006a-cr,
  crossref    = {Mueller2006a-ed},
  author      = {Robert D. Borsley},
  title       = {A Linear Approach to Negative Prominence},
  pages       = {60--80} 
}


@InProceedings{Borsley2006a,
  author      = {Robert D. Borsley},
  title       = {A Linear Approach to Negative Prominence},
  booktitle   =	{The Proceedings of the 13th International Conference on Head-Driven Phrase Structure Grammar},
  editor      =	{Stefan M{\"u}ller},
  address     =	{Stanford},
  publisher   =	{CSLI Publications},
  url	      =	{http://cslipublications.stanford.edu/HPSG/7/},
  url_checked = {22.10.2006},
  pages       = {60--80} 
  year	      =	2006
}

@InProceedings{BC2006a-cr,
  crossref    = {Mueller2006a-ed},
  author      = {António Branco and Francisco Costa},
  title       = {Noun Ellipsis without Empty Categories},
  pages       = {81--101} 
}


@InProceedings{BC2006a,
  author      = {António Branco and Francisco Costa},
  title       = {Noun Ellipsis without Empty Categories},
  booktitle   =	{The Proceedings of the 13th International Conference on Head-Driven Phrase Structure Grammar},
  editor      =	{Stefan M{\"u}ller},
  address     =	{Stanford},
  publisher   =	{CSLI Publications},
  url	      =	{http://cslipublications.stanford.edu/HPSG/7/},
  url_checked = {22.10.2006},
  pages       = {81--101} 
  year	      =	2006
}

@InProceedings{Chaves2006a-cr,
  crossref    = {Mueller2006a-ed},
  author      = {Rui P. Chaves},
  title       = {Coordination of Unlikes without Unlike Categories},
  pages       = {102--122} 
}


@InProceedings{Chaves2006a,
  author      = {Rui P. Chaves},
  title       = {Coordination of Unlikes without Unlike Categories},
  booktitle   =	{The Proceedings of the 13th International Conference on Head-Driven Phrase Structure Grammar},
  editor      =	{Stefan M{\"u}ller},
  address     =	{Stanford},
  publisher   =	{CSLI Publications},
  url	      =	{http://cslipublications.stanford.edu/HPSG/7/},
  url_checked = {22.10.2006},
  pages       = {102--122} 
  year	      =	2006
}

@InProceedings{Crysmann2006a-cr,
  crossref    = {Mueller2006a-ed},
  author      = {Berthold Crysmann},
  title       = {Floating Affixes in Polish},
  pages       = {123--139} 
}


@InProceedings{Crysmann2006a,
  author      = {Berthold Crysmann},
  title       = {Floating Affixes in Polish},
  booktitle   =	{The Proceedings of the 13th International Conference on Head-Driven Phrase Structure Grammar},
  editor      =	{Stefan M{\"u}ller},
  address     =	{Stanford},
  publisher   =	{CSLI Publications},
  url	      =	{http://cslipublications.stanford.edu/HPSG/7/},
  url_checked = {22.10.2006},
  pages       = {123--139} 
  year	      =	2006
}

@InProceedings{Flouraki2006a-cr,
  crossref    = {Mueller2006a-ed},
  author      = {Maria Flouraki},
  title       = {Constraining Aspectual Composition},
  pages       = {140--157} 
}


@InProceedings{Flouraki2006a,
  author      = {Maria Flouraki},
  title       = {Constraining Aspectual Composition},
  booktitle   =	{The Proceedings of the 13th International Conference on Head-Driven Phrase Structure Grammar},
  editor      =	{Stefan M{\"u}ller},
  address     =	{Stanford},
  publisher   =	{CSLI Publications},
  url	      =	{http://cslipublications.stanford.edu/HPSG/7/},
  url_checked = {22.10.2006},
  pages       = {140--157} 
  year	      =	2006
}

@InProceedings{FK2006a-cr,
  crossref    = {Mueller2006a-ed},
  author      = {Antske Fokkens and Valia Kordoni},
  title       = {Control, Raising and Case: from the Perspective of Passives},
  pages       = {158--173} 
}


@InProceedings{FK2006a,
  author      = {Antske Fokkens and Valia Kordoni},
  title       = {Control, Raising and Case: from the Perspective of Passives},
  booktitle   =	{The Proceedings of the 13th International Conference on Head-Driven Phrase Structure Grammar},
  editor      =	{Stefan M{\"u}ller},
  address     =	{Stanford},
  publisher   =	{CSLI Publications},
  url	      =	{http://cslipublications.stanford.edu/HPSG/7/},
  url_checked = {22.10.2006},
  pages       = {158--173} 
  year	      =	2006
}

@InProceedings{GM2006a-cr,
  crossref    = {Mueller2006a-ed},
  author      = {Danièle Godard and Jean-Marie Marandin},
  title       = {Reinforcing Negation: the Case of Italian},
  pages       = {174--194} 
}


@InProceedings{GM2006a,
  author      = {Danièle Godard and Jean-Marie Marandin},
  title       = {Reinforcing Negation: the Case of Italian},
  booktitle   =	{The Proceedings of the 13th International Conference on Head-Driven Phrase Structure Grammar},
  editor      =	{Stefan M{\"u}ller},
  address     =	{Stanford},
  publisher   =	{CSLI Publications},
  url	      =	{http://cslipublications.stanford.edu/HPSG/7/},
  url_checked = {22.10.2006},
  pages       = {174--194} 
  year	      =	2006
}

@InProceedings{Hahm2006a-cr,
  crossref    = {Mueller2006a-ed},
  author      = {Hyun-Jong Hahm},
  title       = {Person and Number Agreement in American Sign Language},
  pages       = {195--211} 
}


@InProceedings{Hahm2006a,
  author      = {Hyun-Jong Hahm},
  title       = {Person and Number Agreement in American Sign Language},
  booktitle   =	{The Proceedings of the 13th International Conference on Head-Driven Phrase Structure Grammar},
  editor      =	{Stefan M{\"u}ller},
  address     =	{Stanford},
  publisher   =	{CSLI Publications},
  url	      =	{http://cslipublications.stanford.edu/HPSG/7/},
  url_checked = {22.10.2006},
  pages       = {195--211} 
  year	      =	2006
}

@InProceedings{Maekawa2006a-cr,
  crossref    = {Mueller2006a-ed},
  author      = {Takafumi Maekawa},
  title       = {Long and Short Adjunct Fronting in HPSG},
  pages       = {212--227} 
}


@InProceedings{Maekawa2006a,
  author      = {Takafumi Maekawa},
  title       = {Long and Short Adjunct Fronting in HPSG},
  booktitle   =	{The Proceedings of the 13th International Conference on Head-Driven Phrase Structure Grammar},
  editor      =	{Stefan M{\"u}ller},
  address     =	{Stanford},
  publisher   =	{CSLI Publications},
  url	      =	{http://cslipublications.stanford.edu/HPSG/7/},
  url_checked = {22.10.2006},
  pages       = {212--227} 
  year	      =	2006
}

@InProceedings{Melnik2006a-cr,
  crossref    = {Mueller2006a-ed},
  author      = {Nurit Melnik},
  title       = {Hybrid Agreement as a Conflict Resolution Strategy},
  pages       = {228--246} 
}


@InProceedings{Melnik2006a,
  author      = {Nurit Melnik},
  title       = {Hybrid Agreement as a Conflict Resolution Strategy},
  booktitle   =	{The Proceedings of the 13th International Conference on Head-Driven Phrase Structure Grammar},
  editor      =	{Stefan M{\"u}ller},
  address     =	{Stanford},
  publisher   =	{CSLI Publications},
  url	      =	{http://cslipublications.stanford.edu/HPSG/7/},
  url_checked = {22.10.2006},
  pages       = {228--246} 
  year	      =	2006
}

@InProceedings{Mouret2006a-cr,
  crossref    = {Mueller2006a-ed},
  author      = {François Mouret},
  title       = {A Phrase Structure Approach to Argument Cluster Coordination},
  pages       = {247--267} 
}


@InProceedings{Mouret2006a,
  author      = {François Mouret},
  title       = {A Phrase Structure Approach to Argument Cluster Coordination},
  booktitle   =	{The Proceedings of the 13th International Conference on Head-Driven Phrase Structure Grammar},
  editor      =	{Stefan M{\"u}ller},
  address     =	{Stanford},
  publisher   =	{CSLI Publications},
  url	      =	{http://cslipublications.stanford.edu/HPSG/7/},
  url_checked = {22.10.2006},
  pages       = {247--267} 
  year	      =	2006
}

@InProceedings{Nakanishi2006a-cr,
  crossref    = {Mueller2006a-ed},
  author      = {Katsuaki Nakanishi},
  title       = {A Unified Approach to Questions, Quantifiers, and Coordination in Japanese},
  pages       = {268--283} 
}


@InProceedings{Nakanishi2006a,
  author      = {Katsuaki Nakanishi},
  title       = {A Unified Approach to Questions, Quantifiers, and Coordination in Japanese},
  booktitle   =	{The Proceedings of the 13th International Conference on Head-Driven Phrase Structure Grammar},
  editor      =	{Stefan M{\"u}ller},
  address     =	{Stanford},
  publisher   =	{CSLI Publications},
  url	      =	{http://cslipublications.stanford.edu/HPSG/7/},
  url_checked = {22.10.2006},
  pages       = {268--283} 
  year	      =	2006
}

@InProceedings{Nakazawa2006a-cr,
  crossref    = {Mueller2006a-ed},
  author      = {Tsuneko Nakazawa},
  title       = {Motion Event and Deictic Motion Verbs as Path-Conflating Verbs},
  pages       = {284--304},
}


@InProceedings{Nakazawa2006a,
  author      = {Tsuneko Nakazawa},
  title       = {Motion Event and Deictic Motion Verbs as Path-Conflating Verbs},
  booktitle   =	{The Proceedings of the 13th International Conference on Head-Driven Phrase Structure Grammar},
  editor      =	{Stefan M{\"u}ller},
  address     =	{Stanford},
  publisher   =	{CSLI Publications},
  url	      =	{http://cslipublications.stanford.edu/HPSG/7/},
  url_checked = {22.10.2006},
  pages       = {284--304},
  year	      =	2006
}

@InProceedings{RS2006a-cr,
  crossref    = {Mueller2006a-ed},
  author      = {Frank Richter and Manfred Sailer},
  title       = {Modeling Typological Markedness in Semantics: The Case of Negative Concord},
  pages       = {305--325},
}


@InProceedings{RS2006a,
  author      = {Frank Richter and Manfred Sailer},
  title       = {Modeling Typological Markedness in Semantics: The Case of Negative Concord},
  booktitle   =	{The Proceedings of the 13th International Conference on Head-Driven Phrase Structure Grammar},
  editor      =	{Stefan M{\"u}ller},
  address     =	{Stanford},
  publisher   =	{CSLI Publications},
  url	      =	{http://cslipublications.stanford.edu/HPSG/7/},
  url_checked = {22.10.2006},
  pages       = {305--325},
  year	      =	2006
}

@InProceedings{Sato2006a-cr,
  crossref    = {Mueller2006a-ed},
  author      = {Yo Sato},
  title       = {A Proposed Lexicalised Linearisation Grammar -- a Monostratal Alternative},
  pages       = {326--338},
}


@InProceedings{Sato2006a,
  author      = {Yo Sato},
  title       = {A Proposed Lexicalised Linearisation Grammar -- a Monostratal Alternative},
  booktitle   =	{The Proceedings of the 13th International Conference on Head-Driven Phrase Structure Grammar},
  editor      =	{Stefan M{\"u}ller},
  address     =	{Stanford},
  publisher   =	{CSLI Publications},
  url	      =	{http://cslipublications.stanford.edu/HPSG/7/},
  url_checked = {22.10.2006},
  pages       = {326--338},
  year	      =	2006
}

@InProceedings{TS2006a-cr,
  crossref    = {Mueller2006a-ed},
  author      = {Harry J.\ Tily and Ivan A.\ Sag},
  title       = {A Unified Analysis of French Causatives},
  pages       = {339--359},
}


@InProceedings{TS2006a,
  author      = {Harry J.\ Tily and Ivan A.\ Sag},
  title       = {A Unified Analysis of French Causatives},
  booktitle   =	{The Proceedings of the 13th International Conference on Head-Driven Phrase Structure Grammar},
  editor      =	{Stefan M{\"u}ller},
  address     =	{Stanford},
  publisher   =	{CSLI Publications},
  url	      =	{http://cslipublications.stanford.edu/HPSG/7/},
  url_checked = {22.10.2006},
  pages       = {339--359},
  year	      =	2006
}


%%%%%%%%%%%%%%%%%%%%%%%%%%%%%%%%%%%%%%%%%%%%%%%%%%%%%%%%%%%%%%%%%%%%%%%%%%%%%%
%
% Workshop contributions

@InProceedings{BB2006a-cr,
  crossref    = {Mueller2006a-ed},
  author      = {Olivier Bonami and Gilles Boyé},
  title       = {Deriving Inflectional Irregularity},
  pages       = {361--380},
}


@InProceedings{BB2006a,
  author      = {Olivier Bonami and Gilles Boyé},
  title       = {Deriving Inflectional Irregularity},
  booktitle   =	{The Proceedings of the 13th International Conference on Head-Driven Phrase Structure Grammar},
  editor      =	{Stefan M{\"u}ller},
  address     =	{Stanford},
  publisher   =	{CSLI Publications},
  url	      =	{http://cslipublications.stanford.edu/HPSG/7/},
  url_checked = {22.10.2006},
  pages       = {361--380},
  year	      =	2006
}

@InProceedings{Brindle2006a-cr,
  crossref    = {Mueller2006a-ed},
  author      = {Jonathan Allen Brindle},
  title       = {Uncovering regularities: On Bare and Evaluated Controllers in Tigrinya},
  pages       = {381--401},
}


@InProceedings{Brindle2006a,
  author      = {Jonathan Allen Brindle},
  title       = {Uncovering regularities: On Bare and Evaluated Controllers in Tigrinya},
  booktitle   =	{The Proceedings of the 13th International Conference on Head-Driven Phrase Structure Grammar},
  editor      =	{Stefan M{\"u}ller},
  address     =	{Stanford},
  publisher   =	{CSLI Publications},
  url	      =	{http://cslipublications.stanford.edu/HPSG/7/},
  url_checked = {22.10.2006},
  pages       = {381--401},
  year	      =	2006
}

@InProceedings{Hahm2006b-cr,
  crossref    = {Mueller2006a-ed},
  author      = {Hyun-Jong Hahm}
  title       = {Number Agreement in Russian Predicates},
  pages       = {402--420},
}


@InProceedings{Hahm2006b,
  author      = {Hyun-Jong Hahm}
  title       = {Number Agreement in Russian Predicates},
  booktitle   =	{The Proceedings of the 13th International Conference on Head-Driven Phrase Structure Grammar},
  editor      =	{Stefan M{\"u}ller},
  address     =	{Stanford},
  publisher   =	{CSLI Publications},
  url	      =	{http://cslipublications.stanford.edu/HPSG/7/},
  url_checked = {22.10.2006},
  pages       = {402--420},
  year	      =	2006
}

@InProceedings{RSo2006a-cr,
  crossref    = {Mueller2006a-ed},
  author      = {Frank Richter and Jan-Philipp Soehn},
  title       = {\emph{Braucht niemanden zu scheren}: A Survey of NPI Licensing in German},
  pages       = {421--440},
}


@InProceedings{RSo2006a,
  author      = {Frank Richter and Jan-Philipp Soehn},
  title       = {\emph{Braucht niemanden zu scheren}: A Survey of NPI Licensing in German},
  booktitle   =	{The Proceedings of the 13th International Conference on Head-Driven Phrase Structure Grammar},
  editor      =	{Stefan M{\"u}ller},
  address     =	{Stanford},
  publisher   =	{CSLI Publications},
  url	      =	{http://cslipublications.stanford.edu/HPSG/7/},
  url_checked = {22.10.2006},
  pages       = {421--440},
  year	      =	2006
}

@InProceedings{Venkova2006a-cr,
  crossref    = {Mueller2006a-ed},
  author      = {Tzvetomira Venkova},
  title       = {Unexpressed Object Alternations of Bulgarian verbs in HPSG}
  pages       = {441--455},
}


@InProceedings{Venkova2006a,
  author      = {Tzvetomira Venkova},
  title       = {Unexpressed Object Alternations of Bulgarian verbs in HPSG}
  booktitle   =	{The Proceedings of the 13th International Conference on Head-Driven Phrase Structure Grammar},
  editor      =	{Stefan M{\"u}ller},
  address     =	{Stanford},
  publisher   =	{CSLI Publications},
  url	      =	{http://cslipublications.stanford.edu/HPSG/7/},
  url_checked = {22.10.2006},
  pages       = {441--455},
  year	      =	2006
}

