@inproceedings{maekawa:2006,
  author    = {Maekawa, Takafumi},
  title     = {Long and Short Adjunct Fronting in HPSG},
  booktitle = {{Proceedings of the 13th International Conference on Head-Driven Phrase Structure Grammar, Varna}},
  editor    = {M{\"u}ller, Stefan},
  OPTissn   = {15351793},
  url       = {http://cslipublications.stanford.edu/HPSG/2006/maekawa.pdf},
  publisher = {CSLI Publications},
  address   = {Stanford, CA},
  pages     = {212--227},
  year      = {2006},
}

@inproceedings{maekawa:2006-cr,
  crossref  = {Mueller2006a-ed},
  author    = {Maekawa, Takafumi},
  title     = {Long and Short Adjunct Fronting in HPSG},
  url       = {http://cslipublications.stanford.edu/HPSG/2006/maekawa.pdf},
  pages     = {212--227},
}

@proceedings{Mueller2006a-ed,
  editor    = {M{\"u}ller, Stefan},
  title     = {{Proceedings of the 13th International Conference on Head-Driven Phrase Structure Grammar, Varna}},
  booktitle = {{Proceedings of the 13th International Conference on Head-Driven Phrase Structure Grammar, Varna}},
  publisher = {CSLI Publications},
  address   = {Stanford, CA},
  OPTissn   = {15351793},
  url       = {http://cslipublications.stanford.edu/HPSG/2006/},
  year      = {2006},
}

