@inproceedings{melnik:2006,
  author    = {Melnik, Nurit},
  title     = {Hybrid Agreement as a Conflict Resolution Strategy},
  booktitle = {{Proceedings of the 13th International Conference on Head-Driven Phrase Structure Grammar, Varna}},
  editor    = {M{\"u}ller, Stefan},
  OPTissn   = {15351793},
  url       = {http://cslipublications.stanford.edu/HPSG/2006/melnik.pdf},
  publisher = {CSLI Publications},
  address   = {Stanford, CA},
  pages     = {228--246},
  year      = {2006},
}

@inproceedings{melnik:2006-cr,
  crossref  = {Mueller2006a-ed},
  author    = {Melnik, Nurit},
  title     = {Hybrid Agreement as a Conflict Resolution Strategy},
  url       = {http://cslipublications.stanford.edu/HPSG/2006/melnik.pdf},
  pages     = {228--246},
}

@proceedings{Mueller2006a-ed,
  editor    = {M{\"u}ller, Stefan},
  title     = {{Proceedings of the 13th International Conference on Head-Driven Phrase Structure Grammar, Varna}},
  booktitle = {{Proceedings of the 13th International Conference on Head-Driven Phrase Structure Grammar, Varna}},
  publisher = {CSLI Publications},
  address   = {Stanford, CA},
  OPTissn   = {15351793},
  url       = {http://cslipublications.stanford.edu/HPSG/2006/},
  year      = {2006},
}

