@inproceedings{mouret:2006,
  author    = {Mouret, François},
  title     = {A Phrase Structure Approach to Argument Cluster Coordination},
  booktitle = {{Proceedings of the 13th International Conference on Head-Driven Phrase Structure Grammar, Varna}},
  editor    = {M{\"u}ller, Stefan},
  OPTissn   = {15351793},
  url       = {http://cslipublications.stanford.edu/HPSG/2006/mouret.pdf},
  publisher = {CSLI Publications},
  address   = {Stanford, CA},
  pages     = {247--267},
  year      = {2006},
}

@inproceedings{mouret:2006-cr,
  crossref  = {Mueller2006a-ed},
  author    = {Mouret, François},
  title     = {A Phrase Structure Approach to Argument Cluster Coordination},
  url       = {http://cslipublications.stanford.edu/HPSG/2006/mouret.pdf},
  pages     = {247--267},
}

@proceedings{Mueller2006a-ed,
  editor    = {M{\"u}ller, Stefan},
  title     = {{Proceedings of the 13th International Conference on Head-Driven Phrase Structure Grammar, Varna}},
  booktitle = {{Proceedings of the 13th International Conference on Head-Driven Phrase Structure Grammar, Varna}},
  publisher = {CSLI Publications},
  address   = {Stanford, CA},
  OPTissn   = {15351793},
  url       = {http://cslipublications.stanford.edu/HPSG/2006/},
  year      = {2006},
}

