@inproceedings{nakanishi:2006,
  author    = {Nakanishi, Katsuaki},
  title     = {A Unified Approach to Questions, Quantifiers, and
Coordination in Japanese},
  booktitle = {{Proceedings of the 13th International Conference on Head-Driven Phrase Structure Grammar, Varna}},
  editor    = {M{\"u}ller, Stefan},
  OPTissn   = {15351793},
  url       = {http://cslipublications.stanford.edu/HPSG/2006/nakanishi.pdf},
  publisher = {CSLI Publications},
  address   = {Stanford, CA},
  pages     = {268--283},
  year      = {2006},
}

@inproceedings{nakanishi:2006-cr,
  crossref  = {Mueller2006a-ed},
  author    = {Nakanishi, Katsuaki},
  title     = {A Unified Approach to Questions, Quantifiers, and
Coordination in Japanese},
  url       = {http://cslipublications.stanford.edu/HPSG/2006/nakanishi.pdf},
  pages     = {268--283},
}

@proceedings{Mueller2006a-ed,
  editor    = {M{\"u}ller, Stefan},
  title     = {{Proceedings of the 13th International Conference on Head-Driven Phrase Structure Grammar, Varna}},
  booktitle = {{Proceedings of the 13th International Conference on Head-Driven Phrase Structure Grammar, Varna}},
  publisher = {CSLI Publications},
  address   = {Stanford, CA},
  OPTissn   = {15351793},
  url       = {http://cslipublications.stanford.edu/HPSG/2006/},
  year      = {2006},
}

