@inproceedings{nakazawa:2006,
  author    = {Nakazawa, Tsuneko},
  title     = {Motion Event and Deictic Motion Verbs as Path-Conflating Verbs},
  booktitle = {{Proceedings of the 13th International Conference on Head-Driven Phrase Structure Grammar, Varna}},
  editor    = {M{\"u}ller, Stefan},
  OPTissn   = {15351793},
  url       = {http://cslipublications.stanford.edu/HPSG/2006/nakazawa.pdf},
  publisher = {CSLI Publications},
  address   = {Stanford, CA},
  pages     = {284--304},
  year      = {2006},
}

@inproceedings{nakazawa:2006-cr,
  crossref  = {Mueller2006a-ed},
  author    = {Nakazawa, Tsuneko},
  title     = {Motion Event and Deictic Motion Verbs as Path-Conflating Verbs},
  url       = {http://cslipublications.stanford.edu/HPSG/2006/nakazawa.pdf},
  pages     = {284--304},
}

@proceedings{Mueller2006a-ed,
  editor    = {M{\"u}ller, Stefan},
  title     = {{Proceedings of the 13th International Conference on Head-Driven Phrase Structure Grammar, Varna}},
  booktitle = {{Proceedings of the 13th International Conference on Head-Driven Phrase Structure Grammar, Varna}},
  publisher = {CSLI Publications},
  address   = {Stanford, CA},
  OPTissn   = {15351793},
  url       = {http://cslipublications.stanford.edu/HPSG/2006/},
  year      = {2006},
}

