@inproceedings{richter-sailer:2006,
  author    = {Richter, Frank and Sailer, Manfred},
  title     = {Modeling Typological Markedness in Semantics: The Case of Negative Concord},
  booktitle = {{Proceedings of the 13th International Conference on Head-Driven Phrase Structure Grammar, Varna}},
  editor    = {M{\"u}ller, Stefan},
  OPTissn   = {15351793},
  url       = {http://cslipublications.stanford.edu/HPSG/2006/richter-sailer.pdf},
  publisher = {CSLI Publications},
  address   = {Stanford, CA},
  pages     = {305--325},
  year      = {2006},
}

@inproceedings{richter-sailer:2006-cr,
  crossref  = {Mueller2006a-ed},
  author    = {Richter, Frank and Sailer, Manfred},
  title     = {Modeling Typological Markedness in Semantics: The Case of Negative Concord},
  url       = {http://cslipublications.stanford.edu/HPSG/2006/richter-sailer.pdf},
  pages     = {305--325},
}

@proceedings{Mueller2006a-ed,
  editor    = {M{\"u}ller, Stefan},
  title     = {{Proceedings of the 13th International Conference on Head-Driven Phrase Structure Grammar, Varna}},
  booktitle = {{Proceedings of the 13th International Conference on Head-Driven Phrase Structure Grammar, Varna}},
  publisher = {CSLI Publications},
  address   = {Stanford, CA},
  OPTissn   = {15351793},
  url       = {http://cslipublications.stanford.edu/HPSG/2006/},
  year      = {2006},
}

