@inproceedings{richter-richter:2006,
  author    = {Richter, Frank  and Manfred Sailer},
  title     = {Modeling Typological Markedness in Semantics: The Case of Negative Concord},
  booktitle = {Proceedings of the 11th International Conference on Head-Driven Phrase Structure Grammar, Linguistic Modelling Laboratory,Institute for Parallel Processing,Bulgarian Academy of Sciences,Sofia,Held in Varna},
  editor    = {Stefan M\"{u}ller},
  OPTissn   = {15351793},
  url       = {http://cslipublications.stanford.edu/HPSG/2006/richter-richter.pdf},
  publisher = {CSLI Publications},
  address   = {Stanford, CA},
  pages     = {284--284},
  year      = {2006},
}

@inproceedings{richter-richter:2006-cr,
  crossref  = {Mueller2006a-ed},
  author    = {Richter, Frank  and Manfred Sailer},
  title     = {Modeling Typological Markedness in Semantics: The Case of Negative Concord},
  url       = {http://cslipublications.stanford.edu/HPSG/2006/richter-richter.pdf},
  pages     = {284--284},
}

@proceedings{Mueller2006a-ed,
  editor    = {Stefan M\"{u}ller},
  title     = {Proceedings of the 11th International Conference on Head-Driven Phrase Structure Grammar, Linguistic Modelling Laboratory,Institute for Parallel Processing,Bulgarian Academy of Sciences,Sofia,Held in Varna},
  booktitle = {Proceedings of the 11th International Conference on Head-Driven Phrase Structure Grammar, Linguistic Modelling Laboratory,Institute for Parallel Processing,Bulgarian Academy of Sciences,Sofia,Held in Varna},
  publisher = {CSLI Publications},
  address   = {Stanford, CA},
  OPTissn   = {15351793},
  url       = {http://cslipublications.stanford.edu/HPSG/2006/},
  year      = {2006},
}

