@inproceedings{richter-soehn:2006,
  author    = {Richter, Frank and Soehn, Jan-Philipp},
  title     = {\emph{Braucht niemanden zu scheren}: A Survey of NPI Licensing in German},
  booktitle = {{Proceedings of the 13th International Conference on Head-Driven Phrase Structure Grammar, Varna}},
  editor    = {M{\"u}ller, Stefan},
  OPTissn   = {15351793},
  url       = {http://cslipublications.stanford.edu/HPSG/2006/richter-soehn.pdf},
  publisher = {CSLI Publications},
  address   = {Stanford, CA},
  pages     = {421--440},
  year      = {2006},
}

@inproceedings{richter-soehn:2006-cr,
  crossref  = {Mueller2006a-ed},
  author    = {Richter, Frank and Soehn, Jan-Philipp},
  title     = {\emph{Braucht niemanden zu scheren}: A Survey of NPI Licensing in German},
  url       = {http://cslipublications.stanford.edu/HPSG/2006/richter-soehn.pdf},
  pages     = {421--440},
}

@proceedings{Mueller2006a-ed,
  editor    = {M{\"u}ller, Stefan},
  title     = {{Proceedings of the 13th International Conference on Head-Driven Phrase Structure Grammar, Varna}},
  booktitle = {{Proceedings of the 13th International Conference on Head-Driven Phrase Structure Grammar, Varna}},
  publisher = {CSLI Publications},
  address   = {Stanford, CA},
  OPTissn   = {15351793},
  url       = {http://cslipublications.stanford.edu/HPSG/2006/},
  year      = {2006},
}

