@inproceedings{sato:2006,
  author    = {Sato, Yo},
  title     = {A Proposed Lexicalised Linearisation Grammar -- a monostratal alternative},
  booktitle = {{Proceedings of the 13th International Conference on Head-Driven Phrase Structure Grammar, Varna}},
  editor    = {M{\"u}ller, Stefan},
  OPTissn   = {15351793},
  url       = {http://cslipublications.stanford.edu/HPSG/2006/sato.pdf},
  publisher = {CSLI Publications},
  address   = {Stanford, CA},
  pages     = {326--338},
  year      = {2006},
}

@inproceedings{sato:2006-cr,
  crossref  = {Mueller2006a-ed},
  author    = {Sato, Yo},
  title     = {A Proposed Lexicalised Linearisation Grammar -- a monostratal alternative},
  url       = {http://cslipublications.stanford.edu/HPSG/2006/sato.pdf},
  pages     = {326--338},
}

@proceedings{Mueller2006a-ed,
  editor    = {M{\"u}ller, Stefan},
  title     = {{Proceedings of the 13th International Conference on Head-Driven Phrase Structure Grammar, Varna}},
  booktitle = {{Proceedings of the 13th International Conference on Head-Driven Phrase Structure Grammar, Varna}},
  publisher = {CSLI Publications},
  address   = {Stanford, CA},
  OPTissn   = {15351793},
  url       = {http://cslipublications.stanford.edu/HPSG/2006/},
  year      = {2006},
}

