@inproceedings{tily-sag:2006,
  author    = {Tily, Harry J. and Sag, Ivan A.},
  title     = {A Unified Analysis of French Causatives},
  booktitle = {{Proceedings of the 13th International Conference on Head-Driven Phrase Structure Grammar, Varna}},
  editor    = {M{\"u}ller, Stefan},
  OPTissn   = {15351793},
  url       = {http://cslipublications.stanford.edu/HPSG/2006/tily-sag.pdf},
  publisher = {CSLI Publications},
  address   = {Stanford, CA},
  pages     = {339--359},
  year      = {2006},
}

@inproceedings{tily-sag:2006-cr,
  crossref  = {Mueller2006a-ed},
  author    = {Tily, Harry J. and Sag, Ivan A.},
  title     = {A Unified Analysis of French Causatives},
  url       = {http://cslipublications.stanford.edu/HPSG/2006/tily-sag.pdf},
  pages     = {339--359},
}

@proceedings{Mueller2006a-ed,
  editor    = {M{\"u}ller, Stefan},
  title     = {{Proceedings of the 13th International Conference on Head-Driven Phrase Structure Grammar, Varna}},
  booktitle = {{Proceedings of the 13th International Conference on Head-Driven Phrase Structure Grammar, Varna}},
  publisher = {CSLI Publications},
  address   = {Stanford, CA},
  OPTissn   = {15351793},
  url       = {http://cslipublications.stanford.edu/HPSG/2006/},
  year      = {2006},
}

