@inproceedings{venkova:2006,
  author    = {Venkova, Tzvetomira},
  title     = {Unexpressed Object Alternations of Bulgarian verbs in HPSG},
  booktitle = {{Proceedings of the 13th International Conference on Head-Driven Phrase Structure Grammar, Varna}},
  editor    = {M{\"u}ller, Stefan},
  OPTissn   = {15351793},
  url       = {http://cslipublications.stanford.edu/HPSG/2006/venkova.pdf},
  publisher = {CSLI Publications},
  address   = {Stanford, CA},
  pages     = {441--455},
  year      = {2006},
}

@inproceedings{venkova:2006-cr,
  crossref  = {Mueller2006a-ed},
  author    = {Venkova, Tzvetomira},
  title     = {Unexpressed Object Alternations of Bulgarian verbs in HPSG},
  url       = {http://cslipublications.stanford.edu/HPSG/2006/venkova.pdf},
  pages     = {441--455},
}

@proceedings{Mueller2006a-ed,
  editor    = {M{\"u}ller, Stefan},
  title     = {{Proceedings of the 13th International Conference on Head-Driven Phrase Structure Grammar, Varna}},
  booktitle = {{Proceedings of the 13th International Conference on Head-Driven Phrase Structure Grammar, Varna}},
  publisher = {CSLI Publications},
  address   = {Stanford, CA},
  OPTissn   = {15351793},
  url       = {http://cslipublications.stanford.edu/HPSG/2006/},
  year      = {2006},
}

