@inproceedings{:2005,
  author    = {Nino Amiridze},
  title     = {Georgian Reflexives in Subject Function in Special Contexts},
  booktitle = {Proceedings of the 12th International Conference on Head-Driven Phrase Structure Grammar, Department of Informatics, University of Lisbon},
  editor    = {Stefan M\"{u}ller},
  OPTissn   = {15351793},
  url       = {http://cslipublications.stanford.edu/HPSG/2005/.pdf},
  publisher = {CSLI Publications},
  address   = {Stanford, CA},
  pages     = {448--448},
  year      = {2005},
}

@inproceedings{:2005-cr,
  crossref  = {Mueller2005a-ed},
  author    = {Nino Amiridze},
  title     = {Georgian Reflexives in Subject Function in Special Contexts},
  url       = {http://cslipublications.stanford.edu/HPSG/2005/.pdf},
  pages     = {448--448},
}

@proceedings{Mueller2005a-ed,
  editor    = {Stefan M\"{u}ller},
  title     = {Proceedings of the 12th International Conference on Head-Driven Phrase Structure Grammar, Department of Informatics, University of Lisbon},
  booktitle = {Proceedings of the 12th International Conference on Head-Driven Phrase Structure Grammar, Department of Informatics, University of Lisbon},
  publisher = {CSLI Publications},
  address   = {Stanford, CA},
  OPTissn   = {15351793},
  url       = {http://cslipublications.stanford.edu/HPSG/2005/},
  year      = {2005},
}

