@inproceedings{amiridze:2005,
  author    = {Amiridze, Nino},
  title     = {Georgian Reflexives in Subject Function in Special Contexts},
  booktitle = {{Proceedings of the 12th International Conference on Head-Driven Phrase Structure Grammar, Department of Informatics, University of Lisbon}},
  editor    = {M{\"u}ller, Stefan},
  OPTissn   = {15351793},
  url       = {http://cslipublications.stanford.edu/HPSG/2005/amiridze.pdf},
  publisher = {CSLI Publications},
  address   = {Stanford, CA},
  pages     = {449--466},
  year      = {2005},
}

@inproceedings{amiridze:2005-cr,
  crossref  = {Mueller2005a-ed},
  author    = {Amiridze, Nino},
  title     = {Georgian Reflexives in Subject Function in Special Contexts},
  url       = {http://cslipublications.stanford.edu/HPSG/2005/amiridze.pdf},
  pages     = {449--466},
}

@proceedings{Mueller2005a-ed,
  editor    = {M{\"u}ller, Stefan},
  title     = {{Proceedings of the 12th International Conference on Head-Driven Phrase Structure Grammar, Department of Informatics, University of Lisbon}},
  booktitle = {{Proceedings of the 12th International Conference on Head-Driven Phrase Structure Grammar, Department of Informatics, University of Lisbon}},
  publisher = {CSLI Publications},
  address   = {Stanford, CA},
  OPTissn   = {15351793},
  url       = {http://cslipublications.stanford.edu/HPSG/2005/},
  year      = {2005},
}

