@inproceedings{beavers:2005,
  author    = {Beavers, John},
  title     = {Towards A Semantic Analysis of Argument/Oblique Alternations in HPSG},
  booktitle = {{Proceedings of the 12th International Conference on Head-Driven Phrase Structure Grammar, Department of Informatics, University of Lisbon}},
  editor    = {M{\"u}ller, Stefan},
  OPTissn   = {15351793},
  url       = {http://cslipublications.stanford.edu/HPSG/2005/beavers.pdf},
  publisher = {CSLI Publications},
  address   = {Stanford, CA},
  pages     = {28--48},
  year      = {2005},
}

@inproceedings{beavers:2005-cr,
  crossref  = {Mueller2005a-ed},
  author    = {Beavers, John},
  title     = {Towards A Semantic Analysis of Argument/Oblique Alternations in HPSG},
  url       = {http://cslipublications.stanford.edu/HPSG/2005/beavers.pdf},
  pages     = {28--48},
}

@proceedings{Mueller2005a-ed,
  editor    = {M{\"u}ller, Stefan},
  title     = {{Proceedings of the 12th International Conference on Head-Driven Phrase Structure Grammar, Department of Informatics, University of Lisbon}},
  booktitle = {{Proceedings of the 12th International Conference on Head-Driven Phrase Structure Grammar, Department of Informatics, University of Lisbon}},
  publisher = {CSLI Publications},
  address   = {Stanford, CA},
  OPTissn   = {15351793},
  url       = {http://cslipublications.stanford.edu/HPSG/2005/},
  year      = {2005},
}

