@inproceedings{bertomeu-kordoni:2005,
  author    = {Bertomeu, Núria and Kordoni, Valia},
  title     = {Integrating Pragmatic Information in  Grammar. An Analysis of Intersentential Ellipsis},
  booktitle = {{Proceedings of the 12th International Conference on Head-Driven Phrase Structure Grammar, Department of Informatics, University of Lisbon}},
  editor    = {M{\"u}ller, Stefan},
  OPTissn   = {15351793},
  url       = {http://cslipublications.stanford.edu/HPSG/2005/bertomeu-kordoni.pdf},
  publisher = {CSLI Publications},
  address   = {Stanford, CA},
  pages     = {49--69},
  year      = {2005},
}

@inproceedings{bertomeu-kordoni:2005-cr,
  crossref  = {Mueller2005a-ed},
  author    = {Bertomeu, Núria and Kordoni, Valia},
  title     = {Integrating Pragmatic Information in  Grammar. An Analysis of Intersentential Ellipsis},
  url       = {http://cslipublications.stanford.edu/HPSG/2005/bertomeu-kordoni.pdf},
  pages     = {49--69},
}

@proceedings{Mueller2005a-ed,
  editor    = {M{\"u}ller, Stefan},
  title     = {{Proceedings of the 12th International Conference on Head-Driven Phrase Structure Grammar, Department of Informatics, University of Lisbon}},
  booktitle = {{Proceedings of the 12th International Conference on Head-Driven Phrase Structure Grammar, Department of Informatics, University of Lisbon}},
  publisher = {CSLI Publications},
  address   = {Stanford, CA},
  OPTissn   = {15351793},
  url       = {http://cslipublications.stanford.edu/HPSG/2005/},
  year      = {2005},
}

