@inproceedings{branco:2005,
  author    = {Branco, Ant{\'o}nio},
  title     = {Reflexives: Escaping Exemption via Domain Reshuffling},
  booktitle = {{Proceedings of the 12th International Conference on Head-Driven Phrase Structure Grammar, Department of Informatics, University of Lisbon}},
  editor    = {M{\"u}ller, Stefan},
  OPTissn   = {15351793},
  url       = {http://cslipublications.stanford.edu/HPSG/2005/branco.pdf},
  publisher = {CSLI Publications},
  address   = {Stanford, CA},
  pages     = {467--481},
  year      = {2005},
}

@inproceedings{branco:2005-cr,
  crossref  = {Mueller2005a-ed},
  author    = {Branco, Ant{\'o}nio},
  title     = {Reflexives: Escaping Exemption via Domain Reshuffling},
  url       = {http://cslipublications.stanford.edu/HPSG/2005/branco.pdf},
  pages     = {467--481},
}

@proceedings{Mueller2005a-ed,
  editor    = {M{\"u}ller, Stefan},
  title     = {{Proceedings of the 12th International Conference on Head-Driven Phrase Structure Grammar, Department of Informatics, University of Lisbon}},
  booktitle = {{Proceedings of the 12th International Conference on Head-Driven Phrase Structure Grammar, Department of Informatics, University of Lisbon}},
  publisher = {CSLI Publications},
  address   = {Stanford, CA},
  OPTissn   = {15351793},
  url       = {http://cslipublications.stanford.edu/HPSG/2005/},
  year      = {2005},
}

