@inproceedings{canac-marquis:2005,
  author    = {Canac-Marquis, R{\'e}jean},
  title     = {Phases and Binding of Reflexives and Pronouns in English},
  booktitle = {{Proceedings of the 12th International Conference on Head-Driven Phrase Structure Grammar, Department of Informatics, University of Lisbon}},
  editor    = {M{\"u}ller, Stefan},
  OPTissn   = {15351793},
  url       = {http://cslipublications.stanford.edu/HPSG/2005/canac-marquis.pdf},
  publisher = {CSLI Publications},
  address   = {Stanford, CA},
  pages     = {482--502},
  year      = {2005},
}

@inproceedings{canac-marquis:2005-cr,
  crossref  = {Mueller2005a-ed},
  author    = {Canac-Marquis, R{\'e}jean},
  title     = {Phases and Binding of Reflexives and Pronouns in English},
  url       = {http://cslipublications.stanford.edu/HPSG/2005/canac-marquis.pdf},
  pages     = {482--502},
}

@proceedings{Mueller2005a-ed,
  editor    = {M{\"u}ller, Stefan},
  title     = {{Proceedings of the 12th International Conference on Head-Driven Phrase Structure Grammar, Department of Informatics, University of Lisbon}},
  booktitle = {{Proceedings of the 12th International Conference on Head-Driven Phrase Structure Grammar, Department of Informatics, University of Lisbon}},
  publisher = {CSLI Publications},
  address   = {Stanford, CA},
  OPTissn   = {15351793},
  url       = {http://cslipublications.stanford.edu/HPSG/2005/},
  year      = {2005},
}

