@inproceedings{creissels-godard:2005,
  author    = {Creissels, Denis and Godard, Dani\`{e}le},
  title     = {The Tswana Infinitive as a Mixed Category},
  booktitle = {{Proceedings of the 12th International Conference on Head-Driven Phrase Structure Grammar, Department of Informatics, University of Lisbon}},
  editor    = {M{\"u}ller, Stefan},
  OPTissn   = {15351793},
  url       = {http://cslipublications.stanford.edu/HPSG/2005/creissels-godard.pdf},
  publisher = {CSLI Publications},
  address   = {Stanford, CA},
  pages     = {70--90},
  year      = {2005},
}

@inproceedings{creissels-godard:2005-cr,
  crossref  = {Mueller2005a-ed},
  author    = {Creissels, Denis and Godard, Dani\`{e}le},
  title     = {The Tswana Infinitive as a Mixed Category},
  url       = {http://cslipublications.stanford.edu/HPSG/2005/creissels-godard.pdf},
  pages     = {70--90},
}

@proceedings{Mueller2005a-ed,
  editor    = {M{\"u}ller, Stefan},
  title     = {{Proceedings of the 12th International Conference on Head-Driven Phrase Structure Grammar, Department of Informatics, University of Lisbon}},
  booktitle = {{Proceedings of the 12th International Conference on Head-Driven Phrase Structure Grammar, Department of Informatics, University of Lisbon}},
  publisher = {CSLI Publications},
  address   = {Stanford, CA},
  OPTissn   = {15351793},
  url       = {http://cslipublications.stanford.edu/HPSG/2005/},
  year      = {2005},
}

