@inproceedings{crysmann:2005,
  author    = {Crysmann, Berthold},
  title     = {Syncretism in German: A Unified Approach to Underspecification, Indeterminacy, and Likeness of Case},
  booktitle = {{Proceedings of the 12th International Conference on Head-Driven Phrase Structure Grammar, Department of Informatics, University of Lisbon}},
  editor    = {M{\"u}ller, Stefan},
  OPTissn   = {15351793},
  url       = {http://cslipublications.stanford.edu/HPSG/2005/crysmann.pdf},
  publisher = {CSLI Publications},
  address   = {Stanford, CA},
  pages     = {91--107},
  year      = {2005},
}

@inproceedings{crysmann:2005-cr,
  crossref  = {Mueller2005a-ed},
  author    = {Crysmann, Berthold},
  title     = {Syncretism in German: A Unified Approach to Underspecification, Indeterminacy, and Likeness of Case},
  url       = {http://cslipublications.stanford.edu/HPSG/2005/crysmann.pdf},
  pages     = {91--107},
}

@proceedings{Mueller2005a-ed,
  editor    = {M{\"u}ller, Stefan},
  title     = {{Proceedings of the 12th International Conference on Head-Driven Phrase Structure Grammar, Department of Informatics, University of Lisbon}},
  booktitle = {{Proceedings of the 12th International Conference on Head-Driven Phrase Structure Grammar, Department of Informatics, University of Lisbon}},
  publisher = {CSLI Publications},
  address   = {Stanford, CA},
  OPTissn   = {15351793},
  url       = {http://cslipublications.stanford.edu/HPSG/2005/},
  year      = {2005},
}

