@inproceedings{drellishak-bender:2005,
  author    = {Drellishak, Scott and Bender, Emily M.},
  title     = {A Coordination Module for a Crosslinguistic Grammar Resource},
  booktitle = {{Proceedings of the 12th International Conference on Head-Driven Phrase Structure Grammar, Department of Informatics, University of Lisbon}},
  editor    = {M{\"u}ller, Stefan},
  OPTissn   = {15351793},
  url       = {http://cslipublications.stanford.edu/HPSG/2005/drellishak-bender.pdf},
  publisher = {CSLI Publications},
  address   = {Stanford, CA},
  pages     = {108--128},
  year      = {2005},
}

@inproceedings{drellishak-bender:2005-cr,
  crossref  = {Mueller2005a-ed},
  author    = {Drellishak, Scott and Bender, Emily M.},
  title     = {A Coordination Module for a Crosslinguistic Grammar Resource},
  url       = {http://cslipublications.stanford.edu/HPSG/2005/drellishak-bender.pdf},
  pages     = {108--128},
}

@proceedings{Mueller2005a-ed,
  editor    = {M{\"u}ller, Stefan},
  title     = {{Proceedings of the 12th International Conference on Head-Driven Phrase Structure Grammar, Department of Informatics, University of Lisbon}},
  booktitle = {{Proceedings of the 12th International Conference on Head-Driven Phrase Structure Grammar, Department of Informatics, University of Lisbon}},
  publisher = {CSLI Publications},
  address   = {Stanford, CA},
  OPTissn   = {15351793},
  url       = {http://cslipublications.stanford.edu/HPSG/2005/},
  year      = {2005},
}

