@inproceedings{everaert:2005,
  author    = {Everaert, Martin},
  title     = {On Binding Domains},
  booktitle = {{Proceedings of the 12th International Conference on Head-Driven Phrase Structure Grammar, Department of Informatics, University of Lisbon}},
  editor    = {M{\"u}ller, Stefan},
  OPTissn   = {15351793},
  url       = {http://cslipublications.stanford.edu/HPSG/2005/everaert.pdf},
  publisher = {CSLI Publications},
  address   = {Stanford, CA},
  pages     = {503--518},
  year      = {2005},
}

@inproceedings{everaert:2005-cr,
  crossref  = {Mueller2005a-ed},
  author    = {Everaert, Martin},
  title     = {On Binding Domains},
  url       = {http://cslipublications.stanford.edu/HPSG/2005/everaert.pdf},
  pages     = {503--518},
}

@proceedings{Mueller2005a-ed,
  editor    = {M{\"u}ller, Stefan},
  title     = {{Proceedings of the 12th International Conference on Head-Driven Phrase Structure Grammar, Department of Informatics, University of Lisbon}},
  booktitle = {{Proceedings of the 12th International Conference on Head-Driven Phrase Structure Grammar, Department of Informatics, University of Lisbon}},
  publisher = {CSLI Publications},
  address   = {Stanford, CA},
  OPTissn   = {15351793},
  url       = {http://cslipublications.stanford.edu/HPSG/2005/},
  year      = {2005},
}

