@inproceedings{fkt:2005,
  author    = {Flickinger, Dan and Koller, Alexander and Thater, Stafan},
  title     = {A New Well-Formedness Criterion for Semantics Debugging},
  booktitle = {{Proceedings of the 12th International Conference on Head-Driven Phrase Structure Grammar, Department of Informatics, University of Lisbon}},
  editor    = {M{\"u}ller, Stefan},
  OPTissn   = {15351793},
  url       = {http://cslipublications.stanford.edu/HPSG/2005/fkt.pdf},
  publisher = {CSLI Publications},
  address   = {Stanford, CA},
  pages     = {129--142},
  year      = {2005},
}

@inproceedings{fkt:2005-cr,
  crossref  = {Mueller2005a-ed},
  author    = {Flickinger, Dan and Koller, Alexander and Thater, Stafan},
  title     = {A New Well-Formedness Criterion for Semantics Debugging},
  url       = {http://cslipublications.stanford.edu/HPSG/2005/fkt.pdf},
  pages     = {129--142},
}

@proceedings{Mueller2005a-ed,
  editor    = {M{\"u}ller, Stefan},
  title     = {{Proceedings of the 12th International Conference on Head-Driven Phrase Structure Grammar, Department of Informatics, University of Lisbon}},
  booktitle = {{Proceedings of the 12th International Conference on Head-Driven Phrase Structure Grammar, Department of Informatics, University of Lisbon}},
  publisher = {CSLI Publications},
  address   = {Stanford, CA},
  OPTissn   = {15351793},
  url       = {http://cslipublications.stanford.edu/HPSG/2005/},
  year      = {2005},
}

