@inproceedings{holler:2005,
  author    = {Holler, Anke},
  title     = {On Non-Canonical Clause Linkage},
  booktitle = {{Proceedings of the 12th International Conference on Head-Driven Phrase Structure Grammar, Department of Informatics, University of Lisbon}},
  editor    = {M{\"u}ller, Stefan},
  OPTissn   = {15351793},
  url       = {http://cslipublications.stanford.edu/HPSG/2005/holler.pdf},
  publisher = {CSLI Publications},
  address   = {Stanford, CA},
  pages     = {157--177},
  year      = {2005},
}

@inproceedings{holler:2005-cr,
  crossref  = {Mueller2005a-ed},
  author    = {Holler, Anke},
  title     = {On Non-Canonical Clause Linkage},
  url       = {http://cslipublications.stanford.edu/HPSG/2005/holler.pdf},
  pages     = {157--177},
}

@proceedings{Mueller2005a-ed,
  editor    = {M{\"u}ller, Stefan},
  title     = {{Proceedings of the 12th International Conference on Head-Driven Phrase Structure Grammar, Department of Informatics, University of Lisbon}},
  booktitle = {{Proceedings of the 12th International Conference on Head-Driven Phrase Structure Grammar, Department of Informatics, University of Lisbon}},
  publisher = {CSLI Publications},
  address   = {Stanford, CA},
  OPTissn   = {15351793},
  url       = {http://cslipublications.stanford.edu/HPSG/2005/},
  year      = {2005},
}

