@proceedings{Mueller2005a-ed,
  editor    = {M{\"u}ller, Stefan},
  title     = {{Proceedings of the 12th International Conference on Head-Driven Phrase Structure Grammar, Department of Informatics, University of Lisbon}},
  booktitle = {{Proceedings of the 12th International Conference on Head-Driven Phrase Structure Grammar, Department of Informatics, University of Lisbon}},
  url       = {http://cslipublications.stanford.edu/HPSG/2005/},
  publisher = {CSLI Publications},
  address   = {Stanford, CA},
  OPTissn   = {15351793},
  year      = {2005},
}

@inproceedings{ball:2005,
  author    = {Ball, Douglas},
  title     = {Tongan Noun Incorporation: Lexical Sharing or Argument Inheritance},
  booktitle = {{Proceedings of the 12th International Conference on Head-Driven Phrase Structure Grammar, Department of Informatics, University of Lisbon}},
  editor    = {M{\"u}ller, Stefan},
  OPTissn   = {15351793},
  url       = {http://cslipublications.stanford.edu/HPSG/2005/ball.pdf},
  publisher = {CSLI Publications},
  address   = {Stanford, CA},
  pages     = {7--27},
  year      = {2005},
}

@inproceedings{ball:2005-cr,
  crossref  = {Mueller2005a-ed},
  author    = {Ball, Douglas},
  title     = {Tongan Noun Incorporation: Lexical Sharing or Argument Inheritance},
  url       = {http://cslipublications.stanford.edu/HPSG/2005/ball.pdf},
  pages     = {7--27},
}

@inproceedings{beavers:2005,
  author    = {Beavers, John},
  title     = {Towards A Semantic Analysis of Argument/Oblique Alternations in HPSG},
  booktitle = {{Proceedings of the 12th International Conference on Head-Driven Phrase Structure Grammar, Department of Informatics, University of Lisbon}},
  editor    = {M{\"u}ller, Stefan},
  OPTissn   = {15351793},
  url       = {http://cslipublications.stanford.edu/HPSG/2005/beavers.pdf},
  publisher = {CSLI Publications},
  address   = {Stanford, CA},
  pages     = {28--48},
  year      = {2005},
}

@inproceedings{beavers:2005-cr,
  crossref  = {Mueller2005a-ed},
  author    = {Beavers, John},
  title     = {Towards A Semantic Analysis of Argument/Oblique Alternations in HPSG},
  url       = {http://cslipublications.stanford.edu/HPSG/2005/beavers.pdf},
  pages     = {28--48},
}

@inproceedings{bertomeu-kordoni:2005,
  author    = {Bertomeu, Núria and Kordoni, Valia},
  title     = {Integrating Pragmatic Information in  Grammar. An Analysis of Intersentential Ellipsis},
  booktitle = {{Proceedings of the 12th International Conference on Head-Driven Phrase Structure Grammar, Department of Informatics, University of Lisbon}},
  editor    = {M{\"u}ller, Stefan},
  OPTissn   = {15351793},
  url       = {http://cslipublications.stanford.edu/HPSG/2005/bertomeu-kordoni.pdf},
  publisher = {CSLI Publications},
  address   = {Stanford, CA},
  pages     = {49--69},
  year      = {2005},
}

@inproceedings{bertomeu-kordoni:2005-cr,
  crossref  = {Mueller2005a-ed},
  author    = {Bertomeu, Núria and Kordoni, Valia},
  title     = {Integrating Pragmatic Information in  Grammar. An Analysis of Intersentential Ellipsis},
  url       = {http://cslipublications.stanford.edu/HPSG/2005/bertomeu-kordoni.pdf},
  pages     = {49--69},
}

@inproceedings{creissels-godard:2005,
  author    = {Creissels, Denis and Godard, Dani\`{e}le},
  title     = {The Tswana Infinitive as a Mixed Category},
  booktitle = {{Proceedings of the 12th International Conference on Head-Driven Phrase Structure Grammar, Department of Informatics, University of Lisbon}},
  editor    = {M{\"u}ller, Stefan},
  OPTissn   = {15351793},
  url       = {http://cslipublications.stanford.edu/HPSG/2005/creissels-godard.pdf},
  publisher = {CSLI Publications},
  address   = {Stanford, CA},
  pages     = {70--90},
  year      = {2005},
}

@inproceedings{creissels-godard:2005-cr,
  crossref  = {Mueller2005a-ed},
  author    = {Creissels, Denis and Godard, Dani\`{e}le},
  title     = {The Tswana Infinitive as a Mixed Category},
  url       = {http://cslipublications.stanford.edu/HPSG/2005/creissels-godard.pdf},
  pages     = {70--90},
}

@inproceedings{crysmann:2005,
  author    = {Crysmann, Berthold},
  title     = {Syncretism in German: A Unified Approach to Underspecification, Indeterminacy, and Likeness of Case},
  booktitle = {{Proceedings of the 12th International Conference on Head-Driven Phrase Structure Grammar, Department of Informatics, University of Lisbon}},
  editor    = {M{\"u}ller, Stefan},
  OPTissn   = {15351793},
  url       = {http://cslipublications.stanford.edu/HPSG/2005/crysmann.pdf},
  publisher = {CSLI Publications},
  address   = {Stanford, CA},
  pages     = {91--107},
  year      = {2005},
}

@inproceedings{crysmann:2005-cr,
  crossref  = {Mueller2005a-ed},
  author    = {Crysmann, Berthold},
  title     = {Syncretism in German: A Unified Approach to Underspecification, Indeterminacy, and Likeness of Case},
  url       = {http://cslipublications.stanford.edu/HPSG/2005/crysmann.pdf},
  pages     = {91--107},
}

@inproceedings{drellishak-bender:2005,
  author    = {Drellishak, Scott and Bender, Emily M.},
  title     = {A Coordination Module for a Crosslinguistic Grammar Resource},
  booktitle = {{Proceedings of the 12th International Conference on Head-Driven Phrase Structure Grammar, Department of Informatics, University of Lisbon}},
  editor    = {M{\"u}ller, Stefan},
  OPTissn   = {15351793},
  url       = {http://cslipublications.stanford.edu/HPSG/2005/drellishak-bender.pdf},
  publisher = {CSLI Publications},
  address   = {Stanford, CA},
  pages     = {108--128},
  year      = {2005},
}

@inproceedings{drellishak-bender:2005-cr,
  crossref  = {Mueller2005a-ed},
  author    = {Drellishak, Scott and Bender, Emily M.},
  title     = {A Coordination Module for a Crosslinguistic Grammar Resource},
  url       = {http://cslipublications.stanford.edu/HPSG/2005/drellishak-bender.pdf},
  pages     = {108--128},
}

@inproceedings{fkt:2005,
  author    = {Flickinger, Dan and Koller, Alexander and Thater, Stafan},
  title     = {A New Well-Formedness Criterion for Semantics Debugging},
  booktitle = {{Proceedings of the 12th International Conference on Head-Driven Phrase Structure Grammar, Department of Informatics, University of Lisbon}},
  editor    = {M{\"u}ller, Stefan},
  OPTissn   = {15351793},
  url       = {http://cslipublications.stanford.edu/HPSG/2005/fkt.pdf},
  publisher = {CSLI Publications},
  address   = {Stanford, CA},
  pages     = {129--142},
  year      = {2005},
}

@inproceedings{fkt:2005-cr,
  crossref  = {Mueller2005a-ed},
  author    = {Flickinger, Dan and Koller, Alexander and Thater, Stafan},
  title     = {A New Well-Formedness Criterion for Semantics Debugging},
  url       = {http://cslipublications.stanford.edu/HPSG/2005/fkt.pdf},
  pages     = {129--142},
}

@inproceedings{hashimoto-bond:2005,
  author    = {Hashimoto, Chikara and Bond, Francis},
  title     = {A Computational Treatment of V-V Compounds in Japanese},
  booktitle = {{Proceedings of the 12th International Conference on Head-Driven Phrase Structure Grammar, Department of Informatics, University of Lisbon}},
  editor    = {M{\"u}ller, Stefan},
  OPTissn   = {15351793},
  url       = {http://cslipublications.stanford.edu/HPSG/2005/hashimoto-bond.pdf},
  publisher = {CSLI Publications},
  address   = {Stanford, CA},
  pages     = {143--156},
  year      = {2005},
}

@inproceedings{hashimoto-bond:2005-cr,
  crossref  = {Mueller2005a-ed},
  author    = {Hashimoto, Chikara and Bond, Francis},
  title     = {A Computational Treatment of V-V Compounds in Japanese},
  url       = {http://cslipublications.stanford.edu/HPSG/2005/hashimoto-bond.pdf},
  pages     = {143--156},
}

@inproceedings{holler:2005,
  author    = {Holler, Anke},
  title     = {On Non-Canonical Clause Linkage},
  booktitle = {{Proceedings of the 12th International Conference on Head-Driven Phrase Structure Grammar, Department of Informatics, University of Lisbon}},
  editor    = {M{\"u}ller, Stefan},
  OPTissn   = {15351793},
  url       = {http://cslipublications.stanford.edu/HPSG/2005/holler.pdf},
  publisher = {CSLI Publications},
  address   = {Stanford, CA},
  pages     = {157--177},
  year      = {2005},
}

@inproceedings{holler:2005-cr,
  crossref  = {Mueller2005a-ed},
  author    = {Holler, Anke},
  title     = {On Non-Canonical Clause Linkage},
  url       = {http://cslipublications.stanford.edu/HPSG/2005/holler.pdf},
  pages     = {157--177},
}

@inproceedings{kennedy-mcnally:2005,
  author    = {Kennedy, Christopher and McNally,  Louise},
  title     = {The Syntax and Semantics of Multiple Degree Modification in English},
  booktitle = {{Proceedings of the 12th International Conference on Head-Driven Phrase Structure Grammar, Department of Informatics, University of Lisbon}},
  editor    = {M{\"u}ller, Stefan},
  OPTissn   = {15351793},
  url       = {http://cslipublications.stanford.edu/HPSG/2005/kennedy-mcnally.pdf},
  publisher = {CSLI Publications},
  address   = {Stanford, CA},
  pages     = {178--191},
  year      = {2005},
}

@inproceedings{kennedy-mcnally:2005-cr,
  crossref  = {Mueller2005a-ed},
  author    = {Kennedy, Christopher and McNally,  Louise},
  title     = {The Syntax and Semantics of Multiple Degree Modification in English},
  url       = {http://cslipublications.stanford.edu/HPSG/2005/kennedy-mcnally.pdf},
  pages     = {178--191},
}

@inproceedings{kim-sag:2005,
  author    = {Kim, Jong-Bok and Sag, Ivan A.},
  title     = {English Object Extraposition: A Constraint-Based Approach},
  booktitle = {{Proceedings of the 12th International Conference on Head-Driven Phrase Structure Grammar, Department of Informatics, University of Lisbon}},
  editor    = {M{\"u}ller, Stefan},
  OPTissn   = {15351793},
  url       = {http://cslipublications.stanford.edu/HPSG/2005/kim-sag.pdf},
  publisher = {CSLI Publications},
  address   = {Stanford, CA},
  pages     = {192--212},
  year      = {2005},
}

@inproceedings{kim-sag:2005-cr,
  crossref  = {Mueller2005a-ed},
  author    = {Kim, Jong-Bok and Sag, Ivan A.},
  title     = {English Object Extraposition: A Constraint-Based Approach},
  url       = {http://cslipublications.stanford.edu/HPSG/2005/kim-sag.pdf},
  pages     = {192--212},
}

@inproceedings{kim-sells:2005,
  author    = {Kim, Jong-Bok and Sells, Peter},
  title     = {Copy Constructions and their Interaction with the Copula in Korean},
  booktitle = {{Proceedings of the 12th International Conference on Head-Driven Phrase Structure Grammar, Department of Informatics, University of Lisbon}},
  editor    = {M{\"u}ller, Stefan},
  OPTissn   = {15351793},
  url       = {http://cslipublications.stanford.edu/HPSG/2005/kim-sells.pdf},
  publisher = {CSLI Publications},
  address   = {Stanford, CA},
  pages     = {213--231},
  year      = {2005},
}

@inproceedings{kim-sells:2005-cr,
  crossref  = {Mueller2005a-ed},
  author    = {Kim, Jong-Bok and Sells, Peter},
  title     = {Copy Constructions and their Interaction with the Copula in Korean},
  url       = {http://cslipublications.stanford.edu/HPSG/2005/kim-sells.pdf},
  pages     = {213--231},
}

@inproceedings{kubota:2005,
  author    = {Kubota, Yusuke},
  title     = {Toward a Unified Analysis of the Scope Interpretation of Complex},
  booktitle = {{Proceedings of the 12th International Conference on Head-Driven Phrase Structure Grammar, Department of Informatics, University of Lisbon}},
  editor    = {M{\"u}ller, Stefan},
  OPTissn   = {15351793},
  url       = {http://cslipublications.stanford.edu/HPSG/2005/kubota.pdf},
  publisher = {CSLI Publications},
  address   = {Stanford, CA},
  pages     = {232--252},
  year      = {2005},
}

@inproceedings{kubota:2005-cr,
  crossref  = {Mueller2005a-ed},
  author    = {Kubota, Yusuke},
  title     = {Toward a Unified Analysis of the Scope Interpretation of Complex},
  url       = {http://cslipublications.stanford.edu/HPSG/2005/kubota.pdf},
  pages     = {232--252},
}

@inproceedings{kupsc-tseng:2005,
  author    = {Kup{\'s}{\'c}, Anna and Tseng, Jesse},
  title     = {A New HPSG Approach to Polish Auxiliary Constructions},
  booktitle = {{Proceedings of the 12th International Conference on Head-Driven Phrase Structure Grammar, Department of Informatics, University of Lisbon}},
  editor    = {M{\"u}ller, Stefan},
  OPTissn   = {15351793},
  url       = {http://cslipublications.stanford.edu/HPSG/2005/kupsc-tseng.pdf},
  publisher = {CSLI Publications},
  address   = {Stanford, CA},
  pages     = {253--273},
  year      = {2005},
}

@inproceedings{kupsc-tseng:2005-cr,
  crossref  = {Mueller2005a-ed},
  author    = {Kup{\'s}{\'c}, Anna and Tseng, Jesse},
  title     = {A New HPSG Approach to Polish Auxiliary Constructions},
  url       = {http://cslipublications.stanford.edu/HPSG/2005/kupsc-tseng.pdf},
  pages     = {253--273},
}

@inproceedings{lee:2005,
  author    = {Lee, Sun-Hee},
  title     = {A Trace Analysis of Korean UDCs},
  booktitle = {{Proceedings of the 12th International Conference on Head-Driven Phrase Structure Grammar, Department of Informatics, University of Lisbon}},
  editor    = {M{\"u}ller, Stefan},
  OPTissn   = {15351793},
  url       = {http://cslipublications.stanford.edu/HPSG/2005/lee.pdf},
  publisher = {CSLI Publications},
  address   = {Stanford, CA},
  pages     = {274--289},
  year      = {2005},
}

@inproceedings{lee:2005-cr,
  crossref  = {Mueller2005a-ed},
  author    = {Lee, Sun-Hee},
  title     = {A Trace Analysis of Korean UDCs},
  url       = {http://cslipublications.stanford.edu/HPSG/2005/lee.pdf},
  pages     = {274--289},
}

@inproceedings{maekawa:2005,
  author    = {Maekawa, Takafumi},
  title     = {An HPSG Approach to the \emph{who}/\emph{whom} Puzzle},
  booktitle = {{Proceedings of the 12th International Conference on Head-Driven Phrase Structure Grammar, Department of Informatics, University of Lisbon}},
  editor    = {M{\"u}ller, Stefan},
  OPTissn   = {15351793},
  url       = {http://cslipublications.stanford.edu/HPSG/2005/maekawa.pdf},
  publisher = {CSLI Publications},
  address   = {Stanford, CA},
  pages     = {290--310},
  year      = {2005},
}

@inproceedings{maekawa:2005-cr,
  crossref  = {Mueller2005a-ed},
  author    = {Maekawa, Takafumi},
  title     = {An HPSG Approach to the \emph{who}/\emph{whom} Puzzle},
  url       = {http://cslipublications.stanford.edu/HPSG/2005/maekawa.pdf},
  pages     = {290--310},
}

@inproceedings{melnik:2005,
  author    = {Melnik, Nurit},
  title     = {From ``Hand-Written'' to Computationally Implemented HPSG Theories},
  booktitle = {{Proceedings of the 12th International Conference on Head-Driven Phrase Structure Grammar, Department of Informatics, University of Lisbon}},
  editor    = {M{\"u}ller, Stefan},
  OPTissn   = {15351793},
  url       = {http://cslipublications.stanford.edu/HPSG/2005/melnik.pdf},
  publisher = {CSLI Publications},
  address   = {Stanford, CA},
  pages     = {311--321},
  year      = {2005},
}

@inproceedings{melnik:2005-cr,
  crossref  = {Mueller2005a-ed},
  author    = {Melnik, Nurit},
  title     = {From ``Hand-Written'' to Computationally Implemented HPSG Theories},
  url       = {http://cslipublications.stanford.edu/HPSG/2005/melnik.pdf},
  pages     = {311--321},
}

@inproceedings{sag:2005,
  author    = {Sag, Ivan A.},
  title     = {Adverb Extraction and Coordination: a Reply to Levine},
  booktitle = {{Proceedings of the 12th International Conference on Head-Driven Phrase Structure Grammar, Department of Informatics, University of Lisbon}},
  editor    = {M{\"u}ller, Stefan},
  OPTissn   = {15351793},
  url       = {http://cslipublications.stanford.edu/HPSG/2005/sag.pdf},
  publisher = {CSLI Publications},
  address   = {Stanford, CA},
  pages     = {322--342},
  year      = {2005},
}

@inproceedings{sag:2005-cr,
  crossref  = {Mueller2005a-ed},
  author    = {Sag, Ivan A.},
  title     = {Adverb Extraction and Coordination: a Reply to Levine},
  url       = {http://cslipublications.stanford.edu/HPSG/2005/sag.pdf},
  pages     = {322--342},
}

@inproceedings{soehn:2005,
  author    = {Soehn, Jan-Philipp},
  title     = {Selectional Restrictions in HPSG:\emph{I'll eat my hat!}},
  booktitle = {{Proceedings of the 12th International Conference on Head-Driven Phrase Structure Grammar, Department of Informatics, University of Lisbon}},
  editor    = {M{\"u}ller, Stefan},
  OPTissn   = {15351793},
  url       = {http://cslipublications.stanford.edu/HPSG/2005/soehn.pdf},
  publisher = {CSLI Publications},
  address   = {Stanford, CA},
  pages     = {343--353},
  year      = {2005},
}

@inproceedings{soehn:2005-cr,
  crossref  = {Mueller2005a-ed},
  author    = {Soehn, Jan-Philipp},
  title     = {Selectional Restrictions in HPSG:\emph{I'll eat my hat!}},
  url       = {http://cslipublications.stanford.edu/HPSG/2005/soehn.pdf},
  pages     = {343--353},
}

@inproceedings{spreyer-frank:2005,
  author    = {Spreyer, Kathrin and Frank, Anette},
  title     = {Projecting RMRS from TIGER Dependencies},
  booktitle = {{Proceedings of the 12th International Conference on Head-Driven Phrase Structure Grammar, Department of Informatics, University of Lisbon}},
  editor    = {M{\"u}ller, Stefan},
  OPTissn   = {15351793},
  url       = {http://cslipublications.stanford.edu/HPSG/2005/spreyer-frank.pdf},
  publisher = {CSLI Publications},
  address   = {Stanford, CA},
  pages     = {354--363},
  year      = {2005},
}

@inproceedings{spreyer-frank:2005-cr,
  crossref  = {Mueller2005a-ed},
  author    = {Spreyer, Kathrin and Frank, Anette},
  title     = {Projecting RMRS from TIGER Dependencies},
  url       = {http://cslipublications.stanford.edu/HPSG/2005/spreyer-frank.pdf},
  pages     = {354--363},
}

@inproceedings{taghvaipour:2005,
  author    = {Taghvaipour, Mehran A},
  title     = {Persian Free Relatives},
  booktitle = {{Proceedings of the 12th International Conference on Head-Driven Phrase Structure Grammar, Department of Informatics, University of Lisbon}},
  editor    = {M{\"u}ller, Stefan},
  OPTissn   = {15351793},
  url       = {http://cslipublications.stanford.edu/HPSG/2005/taghvaipour.pdf},
  publisher = {CSLI Publications},
  address   = {Stanford, CA},
  pages     = {364--374},
  year      = {2005},
}

@inproceedings{taghvaipour:2005-cr,
  crossref  = {Mueller2005a-ed},
  author    = {Taghvaipour, Mehran A},
  title     = {Persian Free Relatives},
  url       = {http://cslipublications.stanford.edu/HPSG/2005/taghvaipour.pdf},
  pages     = {364--374},
}

@inproceedings{trawinski:2005,
  author    = {Trawinski, Beata},
  title     = {Plural Comitative Constructions in Polish},
  booktitle = {{Proceedings of the 12th International Conference on Head-Driven Phrase Structure Grammar, Department of Informatics, University of Lisbon}},
  editor    = {M{\"u}ller, Stefan},
  OPTissn   = {15351793},
  url       = {http://cslipublications.stanford.edu/HPSG/2005/trawinski.pdf},
  publisher = {CSLI Publications},
  address   = {Stanford, CA},
  pages     = {375--395},
  year      = {2005},
}

@inproceedings{trawinski:2005-cr,
  crossref  = {Mueller2005a-ed},
  author    = {Trawinski, Beata},
  title     = {Plural Comitative Constructions in Polish},
  url       = {http://cslipublications.stanford.edu/HPSG/2005/trawinski.pdf},
  pages     = {375--395},
}

@inproceedings{vaneynde:2005,
  author    = {Van Eynde, Frank},
  title     = {A Head-Driven Treatment of Asymmetric Coordination and Apposition},
  booktitle = {{Proceedings of the 12th International Conference on Head-Driven Phrase Structure Grammar, Department of Informatics, University of Lisbon}},
  editor    = {M{\"u}ller, Stefan},
  OPTissn   = {15351793},
  url       = {http://cslipublications.stanford.edu/HPSG/2005/vaneynde.pdf},
  publisher = {CSLI Publications},
  address   = {Stanford, CA},
  pages     = {396--409},
  year      = {2005},
}

@inproceedings{vaneynde:2005-cr,
  crossref  = {Mueller2005a-ed},
  author    = {Van Eynde, Frank},
  title     = {A Head-Driven Treatment of Asymmetric Coordination and Apposition},
  url       = {http://cslipublications.stanford.edu/HPSG/2005/vaneynde.pdf},
  pages     = {396--409},
}

@inproceedings{vannoord-kordoni:2005,
  author    = {van Noord, Gertjan and Kordoni,  Valia},
  title     = {A Raising Analysis of the Dutch Passive},
  booktitle = {{Proceedings of the 12th International Conference on Head-Driven Phrase Structure Grammar, Department of Informatics, University of Lisbon}},
  editor    = {M{\"u}ller, Stefan},
  OPTissn   = {15351793},
  url       = {http://cslipublications.stanford.edu/HPSG/2005/vannoord-kordoni.pdf},
  publisher = {CSLI Publications},
  address   = {Stanford, CA},
  pages     = {410--426},
  year      = {2005},
}

@inproceedings{vannoord-kordoni:2005-cr,
  crossref  = {Mueller2005a-ed},
  author    = {van Noord, Gertjan and Kordoni,  Valia},
  title     = {A Raising Analysis of the Dutch Passive},
  url       = {http://cslipublications.stanford.edu/HPSG/2005/vannoord-kordoni.pdf},
  pages     = {410--426},
}

@inproceedings{vsa:2005,
  author    = {Villavicencio, Aline and Sadler, Louisa and Arnold, Doug},
  title     = {An HPSG Account of Closest Conjunct Agreement in NP Coordination in Portuguese},
  booktitle = {{Proceedings of the 12th International Conference on Head-Driven Phrase Structure Grammar, Department of Informatics, University of Lisbon}},
  editor    = {M{\"u}ller, Stefan},
  OPTissn   = {15351793},
  url       = {http://cslipublications.stanford.edu/HPSG/2005/vsa.pdf},
  publisher = {CSLI Publications},
  address   = {Stanford, CA},
  pages     = {427--447},
  year      = {2005},
}

@inproceedings{vsa:2005-cr,
  crossref  = {Mueller2005a-ed},
  author    = {Villavicencio, Aline and Sadler, Louisa and Arnold, Doug},
  title     = {An HPSG Account of Closest Conjunct Agreement in NP Coordination in Portuguese},
  url       = {http://cslipublications.stanford.edu/HPSG/2005/vsa.pdf},
  pages     = {427--447},
}

@inproceedings{amiridze:2005,
  author    = {Amiridze, Nino},
  title     = {Georgian Reflexives in Subject Function in Special Contexts},
  booktitle = {{Proceedings of the 12th International Conference on Head-Driven Phrase Structure Grammar, Department of Informatics, University of Lisbon}},
  editor    = {M{\"u}ller, Stefan},
  OPTissn   = {15351793},
  url       = {http://cslipublications.stanford.edu/HPSG/2005/amiridze.pdf},
  publisher = {CSLI Publications},
  address   = {Stanford, CA},
  pages     = {449--466},
  year      = {2005},
}

@inproceedings{amiridze:2005-cr,
  crossref  = {Mueller2005a-ed},
  author    = {Amiridze, Nino},
  title     = {Georgian Reflexives in Subject Function in Special Contexts},
  url       = {http://cslipublications.stanford.edu/HPSG/2005/amiridze.pdf},
  pages     = {449--466},
}

@inproceedings{branco:2005,
  author    = {Branco, Ant{\'o}nio},
  title     = {Reflexives: Escaping Exemption via Domain Reshuffling},
  booktitle = {{Proceedings of the 12th International Conference on Head-Driven Phrase Structure Grammar, Department of Informatics, University of Lisbon}},
  editor    = {M{\"u}ller, Stefan},
  OPTissn   = {15351793},
  url       = {http://cslipublications.stanford.edu/HPSG/2005/branco.pdf},
  publisher = {CSLI Publications},
  address   = {Stanford, CA},
  pages     = {467--481},
  year      = {2005},
}

@inproceedings{branco:2005-cr,
  crossref  = {Mueller2005a-ed},
  author    = {Branco, Ant{\'o}nio},
  title     = {Reflexives: Escaping Exemption via Domain Reshuffling},
  url       = {http://cslipublications.stanford.edu/HPSG/2005/branco.pdf},
  pages     = {467--481},
}

@inproceedings{canac-marquis:2005,
  author    = {Canac-Marquis, R{\'e}jean},
  title     = {Phases and Binding of Reflexives and Pronouns in English},
  booktitle = {{Proceedings of the 12th International Conference on Head-Driven Phrase Structure Grammar, Department of Informatics, University of Lisbon}},
  editor    = {M{\"u}ller, Stefan},
  OPTissn   = {15351793},
  url       = {http://cslipublications.stanford.edu/HPSG/2005/canac-marquis.pdf},
  publisher = {CSLI Publications},
  address   = {Stanford, CA},
  pages     = {482--502},
  year      = {2005},
}

@inproceedings{canac-marquis:2005-cr,
  crossref  = {Mueller2005a-ed},
  author    = {Canac-Marquis, R{\'e}jean},
  title     = {Phases and Binding of Reflexives and Pronouns in English},
  url       = {http://cslipublications.stanford.edu/HPSG/2005/canac-marquis.pdf},
  pages     = {482--502},
}

@inproceedings{everaert:2005,
  author    = {Everaert, Martin},
  title     = {On Binding Domains},
  booktitle = {{Proceedings of the 12th International Conference on Head-Driven Phrase Structure Grammar, Department of Informatics, University of Lisbon}},
  editor    = {M{\"u}ller, Stefan},
  OPTissn   = {15351793},
  url       = {http://cslipublications.stanford.edu/HPSG/2005/everaert.pdf},
  publisher = {CSLI Publications},
  address   = {Stanford, CA},
  pages     = {503--518},
  year      = {2005},
}

@inproceedings{everaert:2005-cr,
  crossref  = {Mueller2005a-ed},
  author    = {Everaert, Martin},
  title     = {On Binding Domains},
  url       = {http://cslipublications.stanford.edu/HPSG/2005/everaert.pdf},
  pages     = {503--518},
}

@inproceedings{hellan:2005,
  author    = {Hellan, Lars},
  title     = {Implementing Norwegian Reflexives in an HPSG Grammar},
  booktitle = {{Proceedings of the 12th International Conference on Head-Driven Phrase Structure Grammar, Department of Informatics, University of Lisbon}},
  editor    = {M{\"u}ller, Stefan},
  OPTissn   = {15351793},
  url       = {http://cslipublications.stanford.edu/HPSG/2005/hellan.pdf},
  publisher = {CSLI Publications},
  address   = {Stanford, CA},
  pages     = {519--539},
  year      = {2005},
}

@inproceedings{hellan:2005-cr,
  crossref  = {Mueller2005a-ed},
  author    = {Hellan, Lars},
  title     = {Implementing Norwegian Reflexives in an HPSG Grammar},
  url       = {http://cslipublications.stanford.edu/HPSG/2005/hellan.pdf},
  pages     = {519--539},
}

@inproceedings{noguchi:2005,
  author    = {Noguchi, Tohru},
  title     = {Semantic Composition in Reflexivization},
  booktitle = {{Proceedings of the 12th International Conference on Head-Driven Phrase Structure Grammar, Department of Informatics, University of Lisbon}},
  editor    = {M{\"u}ller, Stefan},
  OPTissn   = {15351793},
  url       = {http://cslipublications.stanford.edu/HPSG/2005/noguchi.pdf},
  publisher = {CSLI Publications},
  address   = {Stanford, CA},
  pages     = {540--560},
  year      = {2005},
}

@inproceedings{noguchi:2005-cr,
  crossref  = {Mueller2005a-ed},
  author    = {Noguchi, Tohru},
  title     = {Semantic Composition in Reflexivization},
  url       = {http://cslipublications.stanford.edu/HPSG/2005/noguchi.pdf},
  pages     = {540--560},
}

@inproceedings{pollard:2005,
  author    = {Pollard, Carl},
  title     = {Remarks on Binding Theory},
  booktitle = {{Proceedings of the 12th International Conference on Head-Driven Phrase Structure Grammar, Department of Informatics, University of Lisbon}},
  editor    = {M{\"u}ller, Stefan},
  OPTissn   = {15351793},
  url       = {http://cslipublications.stanford.edu/HPSG/2005/pollard.pdf},
  publisher = {CSLI Publications},
  address   = {Stanford, CA},
  pages     = {561--577},
  year      = {2005},
}

@inproceedings{pollard:2005-cr,
  crossref  = {Mueller2005a-ed},
  author    = {Pollard, Carl},
  title     = {Remarks on Binding Theory},
  url       = {http://cslipublications.stanford.edu/HPSG/2005/pollard.pdf},
  pages     = {561--577},
}

@inproceedings{reuland:2005,
  author    = {Reuland, Eric},
  title     = {Binding Conditions: How are they Derived?},
  booktitle = {{Proceedings of the 12th International Conference on Head-Driven Phrase Structure Grammar, Department of Informatics, University of Lisbon}},
  editor    = {M{\"u}ller, Stefan},
  OPTissn   = {15351793},
  url       = {http://cslipublications.stanford.edu/HPSG/2005/reuland.pdf},
  publisher = {CSLI Publications},
  address   = {Stanford, CA},
  pages     = {578--593},
  year      = {2005},
}

@inproceedings{reuland:2005-cr,
  crossref  = {Mueller2005a-ed},
  author    = {Reuland, Eric},
  title     = {Binding Conditions: How are they Derived?},
  url       = {http://cslipublications.stanford.edu/HPSG/2005/reuland.pdf},
  pages     = {578--593},
}

@inproceedings{runner-kaiser:2005,
  author    = {Runner, Jeffrey T. and Kaiser, Elsi},
  title     = {Binding in Picture Noun Phrases: Implications for Binding Theory},
  booktitle = {{Proceedings of the 12th International Conference on Head-Driven Phrase Structure Grammar, Department of Informatics, University of Lisbon}},
  editor    = {M{\"u}ller, Stefan},
  OPTissn   = {15351793},
  url       = {http://cslipublications.stanford.edu/HPSG/2005/runner-kaiser.pdf},
  publisher = {CSLI Publications},
  address   = {Stanford, CA},
  pages     = {594--613},
  year      = {2005},
}

@inproceedings{runner-kaiser:2005-cr,
  crossref  = {Mueller2005a-ed},
  author    = {Runner, Jeffrey T. and Kaiser, Elsi},
  title     = {Binding in Picture Noun Phrases: Implications for Binding Theory},
  url       = {http://cslipublications.stanford.edu/HPSG/2005/runner-kaiser.pdf},
  pages     = {594--613},
}

@inproceedings{stuckardt:2005,
  author    = {Stuckardt, Roland},
  title     = {Verifying Binding Constraints for Anaphor Resolution},
  booktitle = {{Proceedings of the 12th International Conference on Head-Driven Phrase Structure Grammar, Department of Informatics, University of Lisbon}},
  editor    = {M{\"u}ller, Stefan},
  OPTissn   = {15351793},
  url       = {http://cslipublications.stanford.edu/HPSG/2005/stuckardt.pdf},
  publisher = {CSLI Publications},
  address   = {Stanford, CA},
  pages     = {614--634},
  year      = {2005},
}

@inproceedings{stuckardt:2005-cr,
  crossref  = {Mueller2005a-ed},
  author    = {Stuckardt, Roland},
  title     = {Verifying Binding Constraints for Anaphor Resolution},
  url       = {http://cslipublications.stanford.edu/HPSG/2005/stuckardt.pdf},
  pages     = {614--634},
}

