@inproceedings{kennedy-mcnally:2005,
  author    = {Kennedy, Christopher and McNally,  Louise},
  title     = {The Syntax and Semantics of Multiple Degree Modification in English},
  booktitle = {{Proceedings of the 12th International Conference on Head-Driven Phrase Structure Grammar, Department of Informatics, University of Lisbon}},
  editor    = {M{\"u}ller, Stefan},
  OPTissn   = {15351793},
  url       = {http://cslipublications.stanford.edu/HPSG/2005/kennedy-mcnally.pdf},
  publisher = {CSLI Publications},
  address   = {Stanford, CA},
  pages     = {178--191},
  year      = {2005},
}

@inproceedings{kennedy-mcnally:2005-cr,
  crossref  = {Mueller2005a-ed},
  author    = {Kennedy, Christopher and McNally,  Louise},
  title     = {The Syntax and Semantics of Multiple Degree Modification in English},
  url       = {http://cslipublications.stanford.edu/HPSG/2005/kennedy-mcnally.pdf},
  pages     = {178--191},
}

@proceedings{Mueller2005a-ed,
  editor    = {M{\"u}ller, Stefan},
  title     = {{Proceedings of the 12th International Conference on Head-Driven Phrase Structure Grammar, Department of Informatics, University of Lisbon}},
  booktitle = {{Proceedings of the 12th International Conference on Head-Driven Phrase Structure Grammar, Department of Informatics, University of Lisbon}},
  publisher = {CSLI Publications},
  address   = {Stanford, CA},
  OPTissn   = {15351793},
  url       = {http://cslipublications.stanford.edu/HPSG/2005/},
  year      = {2005},
}

