@inproceedings{kim-sag:2005,
  author    = {Kim, Jong-Bok and Sag, Ivan A.},
  title     = {English Object Extraposition: A Constraint-Based Approach},
  booktitle = {{Proceedings of the 12th International Conference on Head-Driven Phrase Structure Grammar, Department of Informatics, University of Lisbon}},
  editor    = {M{\"u}ller, Stefan},
  OPTissn   = {15351793},
  url       = {http://cslipublications.stanford.edu/HPSG/2005/kim-sag.pdf},
  publisher = {CSLI Publications},
  address   = {Stanford, CA},
  pages     = {192--212},
  year      = {2005},
}

@inproceedings{kim-sag:2005-cr,
  crossref  = {Mueller2005a-ed},
  author    = {Kim, Jong-Bok and Sag, Ivan A.},
  title     = {English Object Extraposition: A Constraint-Based Approach},
  url       = {http://cslipublications.stanford.edu/HPSG/2005/kim-sag.pdf},
  pages     = {192--212},
}

@proceedings{Mueller2005a-ed,
  editor    = {M{\"u}ller, Stefan},
  title     = {{Proceedings of the 12th International Conference on Head-Driven Phrase Structure Grammar, Department of Informatics, University of Lisbon}},
  booktitle = {{Proceedings of the 12th International Conference on Head-Driven Phrase Structure Grammar, Department of Informatics, University of Lisbon}},
  publisher = {CSLI Publications},
  address   = {Stanford, CA},
  OPTissn   = {15351793},
  url       = {http://cslipublications.stanford.edu/HPSG/2005/},
  year      = {2005},
}

