@inproceedings{kim-sells:2005,
  author    = {Kim, Jong-Bok and Sells, Peter},
  title     = {Copy Constructions and their Interaction with the Copula in Korean},
  booktitle = {{Proceedings of the 12th International Conference on Head-Driven Phrase Structure Grammar, Department of Informatics, University of Lisbon}},
  editor    = {M{\"u}ller, Stefan},
  OPTissn   = {15351793},
  url       = {http://cslipublications.stanford.edu/HPSG/2005/kim-sells.pdf},
  publisher = {CSLI Publications},
  address   = {Stanford, CA},
  pages     = {213--231},
  year      = {2005},
}

@inproceedings{kim-sells:2005-cr,
  crossref  = {Mueller2005a-ed},
  author    = {Kim, Jong-Bok and Sells, Peter},
  title     = {Copy Constructions and their Interaction with the Copula in Korean},
  url       = {http://cslipublications.stanford.edu/HPSG/2005/kim-sells.pdf},
  pages     = {213--231},
}

@proceedings{Mueller2005a-ed,
  editor    = {M{\"u}ller, Stefan},
  title     = {{Proceedings of the 12th International Conference on Head-Driven Phrase Structure Grammar, Department of Informatics, University of Lisbon}},
  booktitle = {{Proceedings of the 12th International Conference on Head-Driven Phrase Structure Grammar, Department of Informatics, University of Lisbon}},
  publisher = {CSLI Publications},
  address   = {Stanford, CA},
  OPTissn   = {15351793},
  url       = {http://cslipublications.stanford.edu/HPSG/2005/},
  year      = {2005},
}

