@inproceedings{kupsc-tseng:2005,
  author    = {Kup{\'s}{\'c}, Anna and Tseng, Jesse},
  title     = {A New HPSG Approach to Polish Auxiliary Constructions},
  booktitle = {{Proceedings of the 12th International Conference on Head-Driven Phrase Structure Grammar, Department of Informatics, University of Lisbon}},
  editor    = {M{\"u}ller, Stefan},
  OPTissn   = {15351793},
  url       = {http://cslipublications.stanford.edu/HPSG/2005/kupsc-tseng.pdf},
  publisher = {CSLI Publications},
  address   = {Stanford, CA},
  pages     = {253--273},
  year      = {2005},
}

@inproceedings{kupsc-tseng:2005-cr,
  crossref  = {Mueller2005a-ed},
  author    = {Kup{\'s}{\'c}, Anna and Tseng, Jesse},
  title     = {A New HPSG Approach to Polish Auxiliary Constructions},
  url       = {http://cslipublications.stanford.edu/HPSG/2005/kupsc-tseng.pdf},
  pages     = {253--273},
}

@proceedings{Mueller2005a-ed,
  editor    = {M{\"u}ller, Stefan},
  title     = {{Proceedings of the 12th International Conference on Head-Driven Phrase Structure Grammar, Department of Informatics, University of Lisbon}},
  booktitle = {{Proceedings of the 12th International Conference on Head-Driven Phrase Structure Grammar, Department of Informatics, University of Lisbon}},
  publisher = {CSLI Publications},
  address   = {Stanford, CA},
  OPTissn   = {15351793},
  url       = {http://cslipublications.stanford.edu/HPSG/2005/},
  year      = {2005},
}

