@inproceedings{lee:2005,
  author    = {Lee, Sun-Hee},
  title     = {A Trace Analysis of Korean UDCs},
  booktitle = {{Proceedings of the 12th International Conference on Head-Driven Phrase Structure Grammar, Department of Informatics, University of Lisbon}},
  editor    = {M{\"u}ller, Stefan},
  OPTissn   = {15351793},
  url       = {http://cslipublications.stanford.edu/HPSG/2005/lee.pdf},
  publisher = {CSLI Publications},
  address   = {Stanford, CA},
  pages     = {274--289},
  year      = {2005},
}

@inproceedings{lee:2005-cr,
  crossref  = {Mueller2005a-ed},
  author    = {Lee, Sun-Hee},
  title     = {A Trace Analysis of Korean UDCs},
  url       = {http://cslipublications.stanford.edu/HPSG/2005/lee.pdf},
  pages     = {274--289},
}

@proceedings{Mueller2005a-ed,
  editor    = {M{\"u}ller, Stefan},
  title     = {{Proceedings of the 12th International Conference on Head-Driven Phrase Structure Grammar, Department of Informatics, University of Lisbon}},
  booktitle = {{Proceedings of the 12th International Conference on Head-Driven Phrase Structure Grammar, Department of Informatics, University of Lisbon}},
  publisher = {CSLI Publications},
  address   = {Stanford, CA},
  OPTissn   = {15351793},
  url       = {http://cslipublications.stanford.edu/HPSG/2005/},
  year      = {2005},
}

