@inproceedings{maekawa:2005,
  author    = {Maekawa, Takafumi},
  title     = {An HPSG Approach to the \emph{who}/\emph{whom} Puzzle},
  booktitle = {{Proceedings of the 12th International Conference on Head-Driven Phrase Structure Grammar, Department of Informatics, University of Lisbon}},
  editor    = {M{\"u}ller, Stefan},
  OPTissn   = {15351793},
  url       = {http://cslipublications.stanford.edu/HPSG/2005/maekawa.pdf},
  publisher = {CSLI Publications},
  address   = {Stanford, CA},
  pages     = {290--310},
  year      = {2005},
}

@inproceedings{maekawa:2005-cr,
  crossref  = {Mueller2005a-ed},
  author    = {Maekawa, Takafumi},
  title     = {An HPSG Approach to the \emph{who}/\emph{whom} Puzzle},
  url       = {http://cslipublications.stanford.edu/HPSG/2005/maekawa.pdf},
  pages     = {290--310},
}

@proceedings{Mueller2005a-ed,
  editor    = {M{\"u}ller, Stefan},
  title     = {{Proceedings of the 12th International Conference on Head-Driven Phrase Structure Grammar, Department of Informatics, University of Lisbon}},
  booktitle = {{Proceedings of the 12th International Conference on Head-Driven Phrase Structure Grammar, Department of Informatics, University of Lisbon}},
  publisher = {CSLI Publications},
  address   = {Stanford, CA},
  OPTissn   = {15351793},
  url       = {http://cslipublications.stanford.edu/HPSG/2005/},
  year      = {2005},
}

