@inproceedings{reuland:2005,
  author    = {Reuland, Eric},
  title     = {Binding Conditions: How are they Derived?},
  booktitle = {{Proceedings of the 12th International Conference on Head-Driven Phrase Structure Grammar, Department of Informatics, University of Lisbon}},
  editor    = {M{\"u}ller, Stefan},
  OPTissn   = {15351793},
  url       = {http://cslipublications.stanford.edu/HPSG/2005/reuland.pdf},
  publisher = {CSLI Publications},
  address   = {Stanford, CA},
  pages     = {578--593},
  year      = {2005},
}

@inproceedings{reuland:2005-cr,
  crossref  = {Mueller2005a-ed},
  author    = {Reuland, Eric},
  title     = {Binding Conditions: How are they Derived?},
  url       = {http://cslipublications.stanford.edu/HPSG/2005/reuland.pdf},
  pages     = {578--593},
}

@proceedings{Mueller2005a-ed,
  editor    = {M{\"u}ller, Stefan},
  title     = {{Proceedings of the 12th International Conference on Head-Driven Phrase Structure Grammar, Department of Informatics, University of Lisbon}},
  booktitle = {{Proceedings of the 12th International Conference on Head-Driven Phrase Structure Grammar, Department of Informatics, University of Lisbon}},
  publisher = {CSLI Publications},
  address   = {Stanford, CA},
  OPTissn   = {15351793},
  url       = {http://cslipublications.stanford.edu/HPSG/2005/},
  year      = {2005},
}

