@inproceedings{sag:2005,
  author    = {Sag, Ivan A.},
  title     = {Adverb Extraction and Coordination: a Reply to Levine},
  booktitle = {{Proceedings of the 12th International Conference on Head-Driven Phrase Structure Grammar, Department of Informatics, University of Lisbon}},
  editor    = {M{\"u}ller, Stefan},
  OPTissn   = {15351793},
  url       = {http://cslipublications.stanford.edu/HPSG/2005/sag.pdf},
  publisher = {CSLI Publications},
  address   = {Stanford, CA},
  pages     = {322--342},
  year      = {2005},
}

@inproceedings{sag:2005-cr,
  crossref  = {Mueller2005a-ed},
  author    = {Sag, Ivan A.},
  title     = {Adverb Extraction and Coordination: a Reply to Levine},
  url       = {http://cslipublications.stanford.edu/HPSG/2005/sag.pdf},
  pages     = {322--342},
}

@proceedings{Mueller2005a-ed,
  editor    = {M{\"u}ller, Stefan},
  title     = {{Proceedings of the 12th International Conference on Head-Driven Phrase Structure Grammar, Department of Informatics, University of Lisbon}},
  booktitle = {{Proceedings of the 12th International Conference on Head-Driven Phrase Structure Grammar, Department of Informatics, University of Lisbon}},
  publisher = {CSLI Publications},
  address   = {Stanford, CA},
  OPTissn   = {15351793},
  url       = {http://cslipublications.stanford.edu/HPSG/2005/},
  year      = {2005},
}

