@inproceedings{soehn:2005,
  author    = {Soehn, Jan-Philipp},
  title     = {Selectional Restrictions in HPSG:\emph{I'll eat my hat!}},
  booktitle = {{Proceedings of the 12th International Conference on Head-Driven Phrase Structure Grammar, Department of Informatics, University of Lisbon}},
  editor    = {M{\"u}ller, Stefan},
  OPTissn   = {15351793},
  url       = {http://cslipublications.stanford.edu/HPSG/2005/soehn.pdf},
  publisher = {CSLI Publications},
  address   = {Stanford, CA},
  pages     = {343--353},
  year      = {2005},
}

@inproceedings{soehn:2005-cr,
  crossref  = {Mueller2005a-ed},
  author    = {Soehn, Jan-Philipp},
  title     = {Selectional Restrictions in HPSG:\emph{I'll eat my hat!}},
  url       = {http://cslipublications.stanford.edu/HPSG/2005/soehn.pdf},
  pages     = {343--353},
}

@proceedings{Mueller2005a-ed,
  editor    = {M{\"u}ller, Stefan},
  title     = {{Proceedings of the 12th International Conference on Head-Driven Phrase Structure Grammar, Department of Informatics, University of Lisbon}},
  booktitle = {{Proceedings of the 12th International Conference on Head-Driven Phrase Structure Grammar, Department of Informatics, University of Lisbon}},
  publisher = {CSLI Publications},
  address   = {Stanford, CA},
  OPTissn   = {15351793},
  url       = {http://cslipublications.stanford.edu/HPSG/2005/},
  year      = {2005},
}

