@inproceedings{spreyer-frank:2005,
  author    = {Spreyer, Kathrin and Frank, Anette},
  title     = {Projecting RMRS from TIGER Dependencies},
  booktitle = {{Proceedings of the 12th International Conference on Head-Driven Phrase Structure Grammar, Department of Informatics, University of Lisbon}},
  editor    = {M{\"u}ller, Stefan},
  OPTissn   = {15351793},
  url       = {http://cslipublications.stanford.edu/HPSG/2005/spreyer-frank.pdf},
  publisher = {CSLI Publications},
  address   = {Stanford, CA},
  pages     = {354--363},
  year      = {2005},
}

@inproceedings{spreyer-frank:2005-cr,
  crossref  = {Mueller2005a-ed},
  author    = {Spreyer, Kathrin and Frank, Anette},
  title     = {Projecting RMRS from TIGER Dependencies},
  url       = {http://cslipublications.stanford.edu/HPSG/2005/spreyer-frank.pdf},
  pages     = {354--363},
}

@proceedings{Mueller2005a-ed,
  editor    = {M{\"u}ller, Stefan},
  title     = {{Proceedings of the 12th International Conference on Head-Driven Phrase Structure Grammar, Department of Informatics, University of Lisbon}},
  booktitle = {{Proceedings of the 12th International Conference on Head-Driven Phrase Structure Grammar, Department of Informatics, University of Lisbon}},
  publisher = {CSLI Publications},
  address   = {Stanford, CA},
  OPTissn   = {15351793},
  url       = {http://cslipublications.stanford.edu/HPSG/2005/},
  year      = {2005},
}

