@inproceedings{stuckardt:2005,
  author    = {Stuckardt, Roland},
  title     = {Verifying Binding Constraints for Anaphor Resolution},
  booktitle = {{Proceedings of the 12th International Conference on Head-Driven Phrase Structure Grammar, Department of Informatics, University of Lisbon}},
  editor    = {M{\"u}ller, Stefan},
  OPTissn   = {15351793},
  url       = {http://cslipublications.stanford.edu/HPSG/2005/stuckardt.pdf},
  publisher = {CSLI Publications},
  address   = {Stanford, CA},
  pages     = {614--634},
  year      = {2005},
}

@inproceedings{stuckardt:2005-cr,
  crossref  = {Mueller2005a-ed},
  author    = {Stuckardt, Roland},
  title     = {Verifying Binding Constraints for Anaphor Resolution},
  url       = {http://cslipublications.stanford.edu/HPSG/2005/stuckardt.pdf},
  pages     = {614--634},
}

@proceedings{Mueller2005a-ed,
  editor    = {M{\"u}ller, Stefan},
  title     = {{Proceedings of the 12th International Conference on Head-Driven Phrase Structure Grammar, Department of Informatics, University of Lisbon}},
  booktitle = {{Proceedings of the 12th International Conference on Head-Driven Phrase Structure Grammar, Department of Informatics, University of Lisbon}},
  publisher = {CSLI Publications},
  address   = {Stanford, CA},
  OPTissn   = {15351793},
  url       = {http://cslipublications.stanford.edu/HPSG/2005/},
  year      = {2005},
}

