@inproceedings{taghvaipour:2005,
  author    = {Taghvaipour, Mehran A},
  title     = {Persian Free Relatives},
  booktitle = {{Proceedings of the 12th International Conference on Head-Driven Phrase Structure Grammar, Department of Informatics, University of Lisbon}},
  editor    = {M{\"u}ller, Stefan},
  OPTissn   = {15351793},
  url       = {http://cslipublications.stanford.edu/HPSG/2005/taghvaipour.pdf},
  publisher = {CSLI Publications},
  address   = {Stanford, CA},
  pages     = {364--374},
  year      = {2005},
}

@inproceedings{taghvaipour:2005-cr,
  crossref  = {Mueller2005a-ed},
  author    = {Taghvaipour, Mehran A},
  title     = {Persian Free Relatives},
  url       = {http://cslipublications.stanford.edu/HPSG/2005/taghvaipour.pdf},
  pages     = {364--374},
}

@proceedings{Mueller2005a-ed,
  editor    = {M{\"u}ller, Stefan},
  title     = {{Proceedings of the 12th International Conference on Head-Driven Phrase Structure Grammar, Department of Informatics, University of Lisbon}},
  booktitle = {{Proceedings of the 12th International Conference on Head-Driven Phrase Structure Grammar, Department of Informatics, University of Lisbon}},
  publisher = {CSLI Publications},
  address   = {Stanford, CA},
  OPTissn   = {15351793},
  url       = {http://cslipublications.stanford.edu/HPSG/2005/},
  year      = {2005},
}

