@inproceedings{trawinski:2005,
  author    = {Trawinski, Beata},
  title     = {Plural Comitative Constructions in Polish},
  booktitle = {{Proceedings of the 12th International Conference on Head-Driven Phrase Structure Grammar, Department of Informatics, University of Lisbon}},
  editor    = {M{\"u}ller, Stefan},
  OPTissn   = {15351793},
  url       = {http://cslipublications.stanford.edu/HPSG/2005/trawinski.pdf},
  publisher = {CSLI Publications},
  address   = {Stanford, CA},
  pages     = {375--395},
  year      = {2005},
}

@inproceedings{trawinski:2005-cr,
  crossref  = {Mueller2005a-ed},
  author    = {Trawinski, Beata},
  title     = {Plural Comitative Constructions in Polish},
  url       = {http://cslipublications.stanford.edu/HPSG/2005/trawinski.pdf},
  pages     = {375--395},
}

@proceedings{Mueller2005a-ed,
  editor    = {M{\"u}ller, Stefan},
  title     = {{Proceedings of the 12th International Conference on Head-Driven Phrase Structure Grammar, Department of Informatics, University of Lisbon}},
  booktitle = {{Proceedings of the 12th International Conference on Head-Driven Phrase Structure Grammar, Department of Informatics, University of Lisbon}},
  publisher = {CSLI Publications},
  address   = {Stanford, CA},
  OPTissn   = {15351793},
  url       = {http://cslipublications.stanford.edu/HPSG/2005/},
  year      = {2005},
}

