@inproceedings{vsa:2005,
  author    = {Villavicencio, Aline and Sadler, Louisa and Arnold, Doug},
  title     = {An HPSG Account of Closest Conjunct Agreement in NP Coordination in Portuguese},
  booktitle = {{Proceedings of the 12th International Conference on Head-Driven Phrase Structure Grammar, Department of Informatics, University of Lisbon}},
  editor    = {M{\"u}ller, Stefan},
  OPTissn   = {15351793},
  url       = {http://cslipublications.stanford.edu/HPSG/2005/vsa.pdf},
  publisher = {CSLI Publications},
  address   = {Stanford, CA},
  pages     = {427--447},
  year      = {2005},
}

@inproceedings{vsa:2005-cr,
  crossref  = {Mueller2005a-ed},
  author    = {Villavicencio, Aline and Sadler, Louisa and Arnold, Doug},
  title     = {An HPSG Account of Closest Conjunct Agreement in NP Coordination in Portuguese},
  url       = {http://cslipublications.stanford.edu/HPSG/2005/vsa.pdf},
  pages     = {427--447},
}

@proceedings{Mueller2005a-ed,
  editor    = {M{\"u}ller, Stefan},
  title     = {{Proceedings of the 12th International Conference on Head-Driven Phrase Structure Grammar, Department of Informatics, University of Lisbon}},
  booktitle = {{Proceedings of the 12th International Conference on Head-Driven Phrase Structure Grammar, Department of Informatics, University of Lisbon}},
  publisher = {CSLI Publications},
  address   = {Stanford, CA},
  OPTissn   = {15351793},
  url       = {http://cslipublications.stanford.edu/HPSG/2005/},
  year      = {2005},
}

