@inproceedings{:2014,
  author    = {Ray Jackendoff (Tufts University) and Eva Wittenberg (UCSD)},
  title     = {October 18, 2014},
  booktitle = {Proceedings of the 21th International Conference on Head-Driven Phrase Structure Grammar, University at Buffalo},
  editor    = {Stefan M{\"u}ller},
  OPTissn   = {15351793},
  url       = {http://cslipublications.stanford.edu/HPSG/2014/.pdf},
  publisher = {CSLI Publications},
  address   = {Stanford, CA},
  pages     = {94--94},
  year      = {2014},
}

@inproceedings{:2014-cr,
  crossref  = {Mueller2014a-ed},
  author    = {Ray Jackendoff (Tufts University) and Eva Wittenberg (UCSD)},
  title     = {October 18, 2014},
  url       = {http://cslipublications.stanford.edu/HPSG/2014/.pdf},
  pages     = {94--94},
}

@proceedings{Mueller2014a-ed,
  editor    = {Stefan M{\"u}ller},
  title     = {Proceedings of the 21th International Conference on Head-Driven Phrase Structure Grammar, University at Buffalo},
  booktitle = {Proceedings of the 21th International Conference on Head-Driven Phrase Structure Grammar, University at Buffalo},
  publisher = {CSLI Publications},
  address   = {Stanford, CA},
  OPTissn   = {15351793},
  url       = {http://cslipublications.stanford.edu/HPSG/2014/},
  year      = {2014},
}

