@inproceedings{alqurashi-borsley:2014,
  author    = {Alqurashi, Abdulrahman A. and Borsley, Robert D.},
  title     = {The Comparative Correlative Construction in Modern Standard Arabic},
  booktitle = {{Proceedings of the 21st International Conference on Head-Driven Phrase Structure Grammar, University at Buffalo}},
  editor    = {M{\"u}ller, Stefan},
  OPTissn   = {15351793},
  url       = {http://cslipublications.stanford.edu/HPSG/2014/alqurashi-borsley.pdf},
  publisher = {CSLI Publications},
  address   = {Stanford, CA},
  pages     = {6--26},
  year      = {2014},
}

@inproceedings{alqurashi-borsley:2014-cr,
  crossref  = {Mueller2014a-ed},
  author    = {Alqurashi, Abdulrahman A. and Borsley, Robert D.},
  title     = {The Comparative Correlative Construction in Modern Standard Arabic},
  url       = {http://cslipublications.stanford.edu/HPSG/2014/alqurashi-borsley.pdf},
  pages     = {6--26},
}

@proceedings{Mueller2014a-ed,
  editor    = {M{\"u}ller, Stefan},
  title     = {{Proceedings of the 21st International Conference on Head-Driven Phrase Structure Grammar, University at Buffalo}},
  booktitle = {{Proceedings of the 21st International Conference on Head-Driven Phrase Structure Grammar, University at Buffalo}},
  publisher = {CSLI Publications},
  address   = {Stanford, CA},
  OPTissn   = {15351793},
  url       = {http://cslipublications.stanford.edu/HPSG/2014/},
  year      = {2014},
}

