@inproceedings{arnold-borsley:2014,
  author    = {Arnold, Doug and Borsley, Robert D.},
  title     = {On the Analysis of English Exhaustive Conditionals},
  booktitle = {{Proceedings of the 21st International Conference on Head-Driven Phrase Structure Grammar, University at Buffalo}},
  editor    = {M{\"u}ller, Stefan},
  OPTissn   = {15351793},
  url       = {http://cslipublications.stanford.edu/HPSG/2014/arnold-borsley.pdf},
  publisher = {CSLI Publications},
  address   = {Stanford, CA},
  pages     = {27--47},
  year      = {2014},
}

@inproceedings{arnold-borsley:2014-cr,
  crossref  = {Mueller2014a-ed},
  author    = {Arnold, Doug and Borsley, Robert D.},
  title     = {On the Analysis of English Exhaustive Conditionals},
  url       = {http://cslipublications.stanford.edu/HPSG/2014/arnold-borsley.pdf},
  pages     = {27--47},
}

@proceedings{Mueller2014a-ed,
  editor    = {M{\"u}ller, Stefan},
  title     = {{Proceedings of the 21st International Conference on Head-Driven Phrase Structure Grammar, University at Buffalo}},
  booktitle = {{Proceedings of the 21st International Conference on Head-Driven Phrase Structure Grammar, University at Buffalo}},
  publisher = {CSLI Publications},
  address   = {Stanford, CA},
  OPTissn   = {15351793},
  url       = {http://cslipublications.stanford.edu/HPSG/2014/},
  year      = {2014},
}

