@inproceedings{arnold,dougandborsley:2014,
  author    = {Arnold, Doug and Borsley, Robert D.},
  title     = {On the Analysis of English Exhaustive Conditionals},
  booktitle = {Proceedings of the 21th International Conference on Head-Driven Phrase Structure Grammar, University at Buffalo},
  editor    = {Stefan M{\"u}ller},
  OPTissn   = {15351793},
  url       = {http://cslipublications.stanford.edu/HPSG/2014/arnold,dougandborsley.pdf},
  publisher = {CSLI Publications},
  address   = {Stanford, CA},
  pages     = {27--27},
  year      = {2014},
}

@inproceedings{arnold,dougandborsley:2014-cr,
  crossref  = {Mueller2014a-ed},
  author    = {Arnold, Doug and Borsley, Robert D.},
  title     = {On the Analysis of English Exhaustive Conditionals},
  url       = {http://cslipublications.stanford.edu/HPSG/2014/arnold,dougandborsley.pdf},
  pages     = {27--27},
}

@proceedings{Mueller2014a-ed,
  editor    = {Stefan M{\"u}ller},
  title     = {Proceedings of the 21th International Conference on Head-Driven Phrase Structure Grammar, University at Buffalo},
  booktitle = {Proceedings of the 21th International Conference on Head-Driven Phrase Structure Grammar, University at Buffalo},
  publisher = {CSLI Publications},
  address   = {Stanford, CA},
  OPTissn   = {15351793},
  url       = {http://cslipublications.stanford.edu/HPSG/2014/},
  year      = {2014},
}

