@inproceedings{broadwell:2014,
  author    = {Broadwell, George Aaron},
  title     = {Language description and the lexicon: Verbs of wearing in two Oaxacan languages},
  booktitle = {{Proceedings of the 21st International Conference on Head-Driven Phrase Structure Grammar, University at Buffalo}},
  editor    = {M{\"u}ller, Stefan},
  OPTissn   = {15351793},
  url       = {http://cslipublications.stanford.edu/HPSG/2014/broadwell.pdf},
  publisher = {CSLI Publications},
  address   = {Stanford, CA},
  pages     = {198--216},
  year      = {2014},
}

@inproceedings{broadwell:2014-cr,
  crossref  = {Mueller2014a-ed},
  author    = {Broadwell, George Aaron},
  title     = {Language description and the lexicon: Verbs of wearing in two Oaxacan languages},
  url       = {http://cslipublications.stanford.edu/HPSG/2014/broadwell.pdf},
  pages     = {198--216},
}

@proceedings{Mueller2014a-ed,
  editor    = {M{\"u}ller, Stefan},
  title     = {{Proceedings of the 21st International Conference on Head-Driven Phrase Structure Grammar, University at Buffalo}},
  booktitle = {{Proceedings of the 21st International Conference on Head-Driven Phrase Structure Grammar, University at Buffalo}},
  publisher = {CSLI Publications},
  address   = {Stanford, CA},
  OPTissn   = {15351793},
  url       = {http://cslipublications.stanford.edu/HPSG/2014/},
  year      = {2014},
}

