@inproceedings{chaves-dery:2014,
  author    = {Chaves, Rui P. and Dery, Jeruen E.},
  title     = {October 20, 2014},
  booktitle = {Proceedings of the 21th International Conference on Head-Driven Phrase Structure Grammar, University at Buffalo},
  editor    = {Stefan M{\"u}ller},
  OPTissn   = {15351793},
  url       = {http://cslipublications.stanford.edu/HPSG/2014/chaves-dery.pdf},
  publisher = {CSLI Publications},
  address   = {Stanford, CA},
  pages     = {48--48},
  year      = {2014},
}

@inproceedings{chaves-dery:2014-cr,
  crossref  = {Mueller2014a-ed},
  author    = {Chaves, Rui P. and Dery, Jeruen E.},
  title     = {October 20, 2014},
  url       = {http://cslipublications.stanford.edu/HPSG/2014/chaves-dery.pdf},
  pages     = {48--48},
}

@proceedings{Mueller2014a-ed,
  editor    = {Stefan M{\"u}ller},
  title     = {Proceedings of the 21th International Conference on Head-Driven Phrase Structure Grammar, University at Buffalo},
  booktitle = {Proceedings of the 21th International Conference on Head-Driven Phrase Structure Grammar, University at Buffalo},
  publisher = {CSLI Publications},
  address   = {Stanford, CA},
  OPTissn   = {15351793},
  url       = {http://cslipublications.stanford.edu/HPSG/2014/},
  year      = {2014},
}

