@inproceedings{cook:2014,
  author    = {Cook, Philippa},
  title     = {Between complex predicates and regular phrases: German collocational clusters},
  booktitle = {{Proceedings of the 21st International Conference on Head-Driven Phrase Structure Grammar, University at Buffalo}},
  editor    = {M{\"u}ller, Stefan},
  OPTissn   = {15351793},
  url       = {http://cslipublications.stanford.edu/HPSG/2014/cook.pdf},
  publisher = {CSLI Publications},
  address   = {Stanford, CA},
  pages     = {48--62},
  year      = {2014},
}

@inproceedings{cook:2014-cr,
  crossref  = {Mueller2014a-ed},
  author    = {Cook, Philippa},
  title     = {Between complex predicates and regular phrases: German collocational clusters},
  url       = {http://cslipublications.stanford.edu/HPSG/2014/cook.pdf},
  pages     = {48--62},
}

@proceedings{Mueller2014a-ed,
  editor    = {M{\"u}ller, Stefan},
  title     = {{Proceedings of the 21st International Conference on Head-Driven Phrase Structure Grammar, University at Buffalo}},
  booktitle = {{Proceedings of the 21st International Conference on Head-Driven Phrase Structure Grammar, University at Buffalo}},
  publisher = {CSLI Publications},
  address   = {Stanford, CA},
  OPTissn   = {15351793},
  url       = {http://cslipublications.stanford.edu/HPSG/2014/},
  year      = {2014},
}

