@inproceedings{crysmann-reintges:2014,
  author    = {Crysmann, Berthold and Reintges, Chris H.},
  title     = {The Polyfunctionality of {Coptic} {Egyptian} Relative Complementisers},
  booktitle = {{Proceedings of the 21st International Conference on Head-Driven Phrase Structure Grammar, University at Buffalo}},
  editor    = {M{\"u}ller, Stefan},
  OPTissn   = {15351793},
  url       = {http://cslipublications.stanford.edu/HPSG/2014/crysmann-reintges.pdf},
  publisher = {CSLI Publications},
  address   = {Stanford, CA},
  pages     = {63--82},
  year      = {2014},
}

@inproceedings{crysmann-reintges:2014-cr,
  crossref  = {Mueller2014a-ed},
  author    = {Crysmann, Berthold and Reintges, Chris H.},
  title     = {The Polyfunctionality of {Coptic} {Egyptian} Relative Complementisers},
  url       = {http://cslipublications.stanford.edu/HPSG/2014/crysmann-reintges.pdf},
  pages     = {63--82},
}

@proceedings{Mueller2014a-ed,
  editor    = {M{\"u}ller, Stefan},
  title     = {{Proceedings of the 21st International Conference on Head-Driven Phrase Structure Grammar, University at Buffalo}},
  booktitle = {{Proceedings of the 21st International Conference on Head-Driven Phrase Structure Grammar, University at Buffalo}},
  publisher = {CSLI Publications},
  address   = {Stanford, CA},
  OPTissn   = {15351793},
  url       = {http://cslipublications.stanford.edu/HPSG/2014/},
  year      = {2014},
}

