@inproceedings{fsh:2014,
  author    = {Faghiri, Pegah and Samvelian, Pollet and Hemforth, Barbara},
  title     = {Accessibility and Word Order: The Case of Ditransitive Constructions in Persian},
  booktitle = {{Proceedings of the 21st International Conference on Head-Driven Phrase Structure Grammar, University at Buffalo}},
  editor    = {M{\"u}ller, Stefan},
  OPTissn   = {15351793},
  url       = {http://cslipublications.stanford.edu/HPSG/2014/fsh.pdf},
  publisher = {CSLI Publications},
  address   = {Stanford, CA},
  pages     = {217--237},
  year      = {2014},
}

@inproceedings{fsh:2014-cr,
  crossref  = {Mueller2014a-ed},
  author    = {Faghiri, Pegah and Samvelian, Pollet and Hemforth, Barbara},
  title     = {Accessibility and Word Order: The Case of Ditransitive Constructions in Persian},
  url       = {http://cslipublications.stanford.edu/HPSG/2014/fsh.pdf},
  pages     = {217--237},
}

@proceedings{Mueller2014a-ed,
  editor    = {M{\"u}ller, Stefan},
  title     = {{Proceedings of the 21st International Conference on Head-Driven Phrase Structure Grammar, University at Buffalo}},
  booktitle = {{Proceedings of the 21st International Conference on Head-Driven Phrase Structure Grammar, University at Buffalo}},
  publisher = {CSLI Publications},
  address   = {Stanford, CA},
  OPTissn   = {15351793},
  url       = {http://cslipublications.stanford.edu/HPSG/2014/},
  year      = {2014},
}

