@inproceedings{hahn:2014,
  author    = {Hahn, Michael},
  title     = {Predication and NP Structure in an Omnipredicative Language: The Case of Khoekhoe},
  booktitle = {{Proceedings of the 21st International Conference on Head-Driven Phrase Structure Grammar, University at Buffalo}},
  editor    = {M{\"u}ller, Stefan},
  OPTissn   = {15351793},
  url       = {http://cslipublications.stanford.edu/HPSG/2014/hahn.pdf},
  publisher = {CSLI Publications},
  address   = {Stanford, CA},
  pages     = {238--258},
  year      = {2014},
}

@inproceedings{hahn:2014-cr,
  crossref  = {Mueller2014a-ed},
  author    = {Hahn, Michael},
  title     = {Predication and NP Structure in an Omnipredicative Language: The Case of Khoekhoe},
  url       = {http://cslipublications.stanford.edu/HPSG/2014/hahn.pdf},
  pages     = {238--258},
}

@proceedings{Mueller2014a-ed,
  editor    = {M{\"u}ller, Stefan},
  title     = {{Proceedings of the 21st International Conference on Head-Driven Phrase Structure Grammar, University at Buffalo}},
  booktitle = {{Proceedings of the 21st International Conference on Head-Driven Phrase Structure Grammar, University at Buffalo}},
  publisher = {CSLI Publications},
  address   = {Stanford, CA},
  OPTissn   = {15351793},
  url       = {http://cslipublications.stanford.edu/HPSG/2014/},
  year      = {2014},
}

