@inproceedings{hassamal-abeille:2014,
  author    = {Hassamal, Shrita and Abeill{\'e}, Anne.},
  title     = {Degree adverbs in Mauritian},
  booktitle = {{Proceedings of the 21st International Conference on Head-Driven Phrase Structure Grammar, University at Buffalo}},
  editor    = {M{\"u}ller, Stefan},
  OPTissn   = {15351793},
  url       = {http://cslipublications.stanford.edu/HPSG/2014/hassamal-abeille.pdf},
  publisher = {CSLI Publications},
  address   = {Stanford, CA},
  pages     = {259--279},
  year      = {2014},
}

@inproceedings{hassamal-abeille:2014-cr,
  crossref  = {Mueller2014a-ed},
  author    = {Hassamal, Shrita and Abeill{\'e}, Anne.},
  title     = {Degree adverbs in Mauritian},
  url       = {http://cslipublications.stanford.edu/HPSG/2014/hassamal-abeille.pdf},
  pages     = {259--279},
}

@proceedings{Mueller2014a-ed,
  editor    = {M{\"u}ller, Stefan},
  title     = {{Proceedings of the 21st International Conference on Head-Driven Phrase Structure Grammar, University at Buffalo}},
  booktitle = {{Proceedings of the 21st International Conference on Head-Driven Phrase Structure Grammar, University at Buffalo}},
  publisher = {CSLI Publications},
  address   = {Stanford, CA},
  OPTissn   = {15351793},
  url       = {http://cslipublications.stanford.edu/HPSG/2014/},
  year      = {2014},
}

