@inproceedings{haugereid:2014,
  author    = {Haugereid, Petter},
  title     = {VP idioms in Norwegian: A subconstructional approach},
  booktitle = {{Proceedings of the 21st International Conference on Head-Driven Phrase Structure Grammar, University at Buffalo}},
  editor    = {M{\"u}ller, Stefan},
  OPTissn   = {15351793},
  url       = {http://cslipublications.stanford.edu/HPSG/2014/haugereid.pdf},
  publisher = {CSLI Publications},
  address   = {Stanford, CA},
  pages     = {83--102},
  year      = {2014},
}

@inproceedings{haugereid:2014-cr,
  crossref  = {Mueller2014a-ed},
  author    = {Haugereid, Petter},
  title     = {VP idioms in Norwegian: A subconstructional approach},
  url       = {http://cslipublications.stanford.edu/HPSG/2014/haugereid.pdf},
  pages     = {83--102},
}

@proceedings{Mueller2014a-ed,
  editor    = {M{\"u}ller, Stefan},
  title     = {{Proceedings of the 21st International Conference on Head-Driven Phrase Structure Grammar, University at Buffalo}},
  booktitle = {{Proceedings of the 21st International Conference on Head-Driven Phrase Structure Grammar, University at Buffalo}},
  publisher = {CSLI Publications},
  address   = {Stanford, CA},
  OPTissn   = {15351793},
  url       = {http://cslipublications.stanford.edu/HPSG/2014/},
  year      = {2014},
}

