@proceedings{Mueller2014a-ed,
  editor    = {M{\"u}ller, Stefan},
  title     = {{Proceedings of the 21st International Conference on Head-Driven Phrase Structure Grammar, University at Buffalo}},
  booktitle = {{Proceedings of the 21st International Conference on Head-Driven Phrase Structure Grammar, University at Buffalo}},
  url       = {http://cslipublications.stanford.edu/HPSG/2014/},
  publisher = {CSLI Publications},
  address   = {Stanford, CA},
  OPTissn   = {15351793},
  year      = {2014},
}

@inproceedings{alqurashi-borsley:2014,
  author    = {Alqurashi, Abdulrahman A. and Borsley, Robert D.},
  title     = {The Comparative Correlative Construction in Modern Standard Arabic},
  booktitle = {{Proceedings of the 21st International Conference on Head-Driven Phrase Structure Grammar, University at Buffalo}},
  editor    = {M{\"u}ller, Stefan},
  OPTissn   = {15351793},
  url       = {http://cslipublications.stanford.edu/HPSG/2014/alqurashi-borsley.pdf},
  publisher = {CSLI Publications},
  address   = {Stanford, CA},
  pages     = {6--26},
  year      = {2014},
}

@inproceedings{alqurashi-borsley:2014-cr,
  crossref  = {Mueller2014a-ed},
  author    = {Alqurashi, Abdulrahman A. and Borsley, Robert D.},
  title     = {The Comparative Correlative Construction in Modern Standard Arabic},
  url       = {http://cslipublications.stanford.edu/HPSG/2014/alqurashi-borsley.pdf},
  pages     = {6--26},
}

@inproceedings{arnold-borsley:2014,
  author    = {Arnold, Doug and Borsley, Robert D.},
  title     = {On the Analysis of English Exhaustive Conditionals},
  booktitle = {{Proceedings of the 21st International Conference on Head-Driven Phrase Structure Grammar, University at Buffalo}},
  editor    = {M{\"u}ller, Stefan},
  OPTissn   = {15351793},
  url       = {http://cslipublications.stanford.edu/HPSG/2014/arnold-borsley.pdf},
  publisher = {CSLI Publications},
  address   = {Stanford, CA},
  pages     = {27--47},
  year      = {2014},
}

@inproceedings{arnold-borsley:2014-cr,
  crossref  = {Mueller2014a-ed},
  author    = {Arnold, Doug and Borsley, Robert D.},
  title     = {On the Analysis of English Exhaustive Conditionals},
  url       = {http://cslipublications.stanford.edu/HPSG/2014/arnold-borsley.pdf},
  pages     = {27--47},
}

@inproceedings{cook:2014,
  author    = {Cook, Philippa},
  title     = {Between complex predicates and regular phrases: German collocational clusters},
  booktitle = {{Proceedings of the 21st International Conference on Head-Driven Phrase Structure Grammar, University at Buffalo}},
  editor    = {M{\"u}ller, Stefan},
  OPTissn   = {15351793},
  url       = {http://cslipublications.stanford.edu/HPSG/2014/cook.pdf},
  publisher = {CSLI Publications},
  address   = {Stanford, CA},
  pages     = {48--62},
  year      = {2014},
}

@inproceedings{cook:2014-cr,
  crossref  = {Mueller2014a-ed},
  author    = {Cook, Philippa},
  title     = {Between complex predicates and regular phrases: German collocational clusters},
  url       = {http://cslipublications.stanford.edu/HPSG/2014/cook.pdf},
  pages     = {48--62},
}

@inproceedings{crysmann-reintges:2014,
  author    = {Crysmann, Berthold and Reintges, Chris H.},
  title     = {The Polyfunctionality of {Coptic} {Egyptian} Relative Complementisers},
  booktitle = {{Proceedings of the 21st International Conference on Head-Driven Phrase Structure Grammar, University at Buffalo}},
  editor    = {M{\"u}ller, Stefan},
  OPTissn   = {15351793},
  url       = {http://cslipublications.stanford.edu/HPSG/2014/crysmann-reintges.pdf},
  publisher = {CSLI Publications},
  address   = {Stanford, CA},
  pages     = {63--82},
  year      = {2014},
}

@inproceedings{crysmann-reintges:2014-cr,
  crossref  = {Mueller2014a-ed},
  author    = {Crysmann, Berthold and Reintges, Chris H.},
  title     = {The Polyfunctionality of {Coptic} {Egyptian} Relative Complementisers},
  url       = {http://cslipublications.stanford.edu/HPSG/2014/crysmann-reintges.pdf},
  pages     = {63--82},
}

@inproceedings{haugereid:2014,
  author    = {Haugereid, Petter},
  title     = {VP idioms in Norwegian: A subconstructional approach},
  booktitle = {{Proceedings of the 21st International Conference on Head-Driven Phrase Structure Grammar, University at Buffalo}},
  editor    = {M{\"u}ller, Stefan},
  OPTissn   = {15351793},
  url       = {http://cslipublications.stanford.edu/HPSG/2014/haugereid.pdf},
  publisher = {CSLI Publications},
  address   = {Stanford, CA},
  pages     = {83--102},
  year      = {2014},
}

@inproceedings{haugereid:2014-cr,
  crossref  = {Mueller2014a-ed},
  author    = {Haugereid, Petter},
  title     = {VP idioms in Norwegian: A subconstructional approach},
  url       = {http://cslipublications.stanford.edu/HPSG/2014/haugereid.pdf},
  pages     = {83--102},
}

@inproceedings{inman-morrison:2014,
  author    = {Inman, David and Morrison, Ruth},
  title     = {Negation in Nanti: Syntactic Evidence for Head and Dependent Negators},
  booktitle = {{Proceedings of the 21st International Conference on Head-Driven Phrase Structure Grammar, University at Buffalo}},
  editor    = {M{\"u}ller, Stefan},
  OPTissn   = {15351793},
  url       = {http://cslipublications.stanford.edu/HPSG/2014/inman-morrison.pdf},
  publisher = {CSLI Publications},
  address   = {Stanford, CA},
  pages     = {103--113},
  year      = {2014},
}

@inproceedings{inman-morrison:2014-cr,
  crossref  = {Mueller2014a-ed},
  author    = {Inman, David and Morrison, Ruth},
  title     = {Negation in Nanti: Syntactic Evidence for Head and Dependent Negators},
  url       = {http://cslipublications.stanford.edu/HPSG/2014/inman-morrison.pdf},
  pages     = {103--113},
}

@inproceedings{koenig-michelson:2014,
  author    = {Koenig, Jean-Pierre and Michelson, Karin},
  title     = {Deconstructing SYNtax},
  booktitle = {{Proceedings of the 21st International Conference on Head-Driven Phrase Structure Grammar, University at Buffalo}},
  editor    = {M{\"u}ller, Stefan},
  OPTissn   = {15351793},
  url       = {http://cslipublications.stanford.edu/HPSG/2014/koenig-michelson.pdf},
  publisher = {CSLI Publications},
  address   = {Stanford, CA},
  pages     = {114--134},
  year      = {2014},
}

@inproceedings{koenig-michelson:2014-cr,
  crossref  = {Mueller2014a-ed},
  author    = {Koenig, Jean-Pierre and Michelson, Karin},
  title     = {Deconstructing SYNtax},
  url       = {http://cslipublications.stanford.edu/HPSG/2014/koenig-michelson.pdf},
  pages     = {114--134},
}

@inproceedings{lee:2014,
  author    = {Lee, Juwon},
  title     = {Two Types of Serial Verb Constructions in Korean: Subject-Sharing and Index-Sharing},
  booktitle = {{Proceedings of the 21st International Conference on Head-Driven Phrase Structure Grammar, University at Buffalo}},
  editor    = {M{\"u}ller, Stefan},
  OPTissn   = {15351793},
  url       = {http://cslipublications.stanford.edu/HPSG/2014/lee.pdf},
  publisher = {CSLI Publications},
  address   = {Stanford, CA},
  pages     = {135--155},
  year      = {2014},
}

@inproceedings{lee:2014-cr,
  crossref  = {Mueller2014a-ed},
  author    = {Lee, Juwon},
  title     = {Two Types of Serial Verb Constructions in Korean: Subject-Sharing and Index-Sharing},
  url       = {http://cslipublications.stanford.edu/HPSG/2014/lee.pdf},
  pages     = {135--155},
}

@inproceedings{vaneynde-augustinus:2014,
  author    = {Van Eynde, Frank and Augustinus, Liesbeth},
  title     = {Complement Raising, Extraction and Adpostion Stranding in Dutch},
  booktitle = {{Proceedings of the 21st International Conference on Head-Driven Phrase Structure Grammar, University at Buffalo}},
  editor    = {M{\"u}ller, Stefan},
  OPTissn   = {15351793},
  url       = {http://cslipublications.stanford.edu/HPSG/2014/vaneynde-augustinus.pdf},
  publisher = {CSLI Publications},
  address   = {Stanford, CA},
  pages     = {156--175},
  year      = {2014},
}

@inproceedings{vaneynde-augustinus:2014-cr,
  crossref  = {Mueller2014a-ed},
  author    = {Van Eynde, Frank and Augustinus, Liesbeth},
  title     = {Complement Raising, Extraction and Adpostion Stranding in Dutch},
  url       = {http://cslipublications.stanford.edu/HPSG/2014/vaneynde-augustinus.pdf},
  pages     = {156--175},
}

@inproceedings{zamaraeva-bender:2014,
  author    = {Zamaraeva, Olga and Bender, Emily M.},
  title     = {Focus Case Outside of Austronesian: An Analysis of Kolyma Yukaghir},
  booktitle = {{Proceedings of the 21st International Conference on Head-Driven Phrase Structure Grammar, University at Buffalo}},
  editor    = {M{\"u}ller, Stefan},
  OPTissn   = {15351793},
  url       = {http://cslipublications.stanford.edu/HPSG/2014/zamaraeva-bender.pdf},
  publisher = {CSLI Publications},
  address   = {Stanford, CA},
  pages     = {176--196},
  year      = {2014},
}

@inproceedings{zamaraeva-bender:2014-cr,
  crossref  = {Mueller2014a-ed},
  author    = {Zamaraeva, Olga and Bender, Emily M.},
  title     = {Focus Case Outside of Austronesian: An Analysis of Kolyma Yukaghir},
  url       = {http://cslipublications.stanford.edu/HPSG/2014/zamaraeva-bender.pdf},
  pages     = {176--196},
}

@inproceedings{broadwell:2014,
  author    = {Broadwell, George Aaron},
  title     = {Language description and the lexicon: Verbs of wearing in two Oaxacan languages},
  booktitle = {{Proceedings of the 21st International Conference on Head-Driven Phrase Structure Grammar, University at Buffalo}},
  editor    = {M{\"u}ller, Stefan},
  OPTissn   = {15351793},
  url       = {http://cslipublications.stanford.edu/HPSG/2014/broadwell.pdf},
  publisher = {CSLI Publications},
  address   = {Stanford, CA},
  pages     = {198--216},
  year      = {2014},
}

@inproceedings{broadwell:2014-cr,
  crossref  = {Mueller2014a-ed},
  author    = {Broadwell, George Aaron},
  title     = {Language description and the lexicon: Verbs of wearing in two Oaxacan languages},
  url       = {http://cslipublications.stanford.edu/HPSG/2014/broadwell.pdf},
  pages     = {198--216},
}

@inproceedings{fsh:2014,
  author    = {Faghiri, Pegah and Samvelian, Pollet and Hemforth, Barbara},
  title     = {Accessibility and Word Order: The Case of Ditransitive Constructions in Persian},
  booktitle = {{Proceedings of the 21st International Conference on Head-Driven Phrase Structure Grammar, University at Buffalo}},
  editor    = {M{\"u}ller, Stefan},
  OPTissn   = {15351793},
  url       = {http://cslipublications.stanford.edu/HPSG/2014/fsh.pdf},
  publisher = {CSLI Publications},
  address   = {Stanford, CA},
  pages     = {217--237},
  year      = {2014},
}

@inproceedings{fsh:2014-cr,
  crossref  = {Mueller2014a-ed},
  author    = {Faghiri, Pegah and Samvelian, Pollet and Hemforth, Barbara},
  title     = {Accessibility and Word Order: The Case of Ditransitive Constructions in Persian},
  url       = {http://cslipublications.stanford.edu/HPSG/2014/fsh.pdf},
  pages     = {217--237},
}

@inproceedings{hahn:2014,
  author    = {Hahn, Michael},
  title     = {Predication and NP Structure in an Omnipredicative Language: The Case of Khoekhoe},
  booktitle = {{Proceedings of the 21st International Conference on Head-Driven Phrase Structure Grammar, University at Buffalo}},
  editor    = {M{\"u}ller, Stefan},
  OPTissn   = {15351793},
  url       = {http://cslipublications.stanford.edu/HPSG/2014/hahn.pdf},
  publisher = {CSLI Publications},
  address   = {Stanford, CA},
  pages     = {238--258},
  year      = {2014},
}

@inproceedings{hahn:2014-cr,
  crossref  = {Mueller2014a-ed},
  author    = {Hahn, Michael},
  title     = {Predication and NP Structure in an Omnipredicative Language: The Case of Khoekhoe},
  url       = {http://cslipublications.stanford.edu/HPSG/2014/hahn.pdf},
  pages     = {238--258},
}

@inproceedings{hassamal-abeille:2014,
  author    = {Hassamal, Shrita and Abeill{\'e}, Anne.},
  title     = {Degree adverbs in Mauritian},
  booktitle = {{Proceedings of the 21st International Conference on Head-Driven Phrase Structure Grammar, University at Buffalo}},
  editor    = {M{\"u}ller, Stefan},
  OPTissn   = {15351793},
  url       = {http://cslipublications.stanford.edu/HPSG/2014/hassamal-abeille.pdf},
  publisher = {CSLI Publications},
  address   = {Stanford, CA},
  pages     = {259--279},
  year      = {2014},
}

@inproceedings{hassamal-abeille:2014-cr,
  crossref  = {Mueller2014a-ed},
  author    = {Hassamal, Shrita and Abeill{\'e}, Anne.},
  title     = {Degree adverbs in Mauritian},
  url       = {http://cslipublications.stanford.edu/HPSG/2014/hassamal-abeille.pdf},
  pages     = {259--279},
}

@inproceedings{lin:2014,
  author    = {Lin, Dong-yi},
  title     = {Obligatory Control and Event Structure in Kavalan},
  booktitle = {{Proceedings of the 21st International Conference on Head-Driven Phrase Structure Grammar, University at Buffalo}},
  editor    = {M{\"u}ller, Stefan},
  OPTissn   = {15351793},
  url       = {http://cslipublications.stanford.edu/HPSG/2014/lin.pdf},
  publisher = {CSLI Publications},
  address   = {Stanford, CA},
  pages     = {280--298},
  year      = {2014},
}

@inproceedings{lin:2014-cr,
  crossref  = {Mueller2014a-ed},
  author    = {Lin, Dong-yi},
  title     = {Obligatory Control and Event Structure in Kavalan},
  url       = {http://cslipublications.stanford.edu/HPSG/2014/lin.pdf},
  pages     = {280--298},
}

@inproceedings{matic-nikolaeva:2014,
  author    = {Mati{\'c}, Dejan and Nikolaeva, Irina},
  title     = {Focus feature
percolation: Evidence from Tundra Nenets and Tundra Yukaghir},
  booktitle = {{Proceedings of the 21st International Conference on Head-Driven Phrase Structure Grammar, University at Buffalo}},
  editor    = {M{\"u}ller, Stefan},
  OPTissn   = {15351793},
  url       = {http://cslipublications.stanford.edu/HPSG/2014/matic-nikolaeva.pdf},
  publisher = {CSLI Publications},
  address   = {Stanford, CA},
  pages     = {299--317},
  year      = {2014},
}

@inproceedings{matic-nikolaeva:2014-cr,
  crossref  = {Mueller2014a-ed},
  author    = {Mati{\'c}, Dejan and Nikolaeva, Irina},
  title     = {Focus feature
percolation: Evidence from Tundra Nenets and Tundra Yukaghir},
  url       = {http://cslipublications.stanford.edu/HPSG/2014/matic-nikolaeva.pdf},
  pages     = {299--317},
}

