@inproceedings{inman-morrison:2014,
  author    = {Inman, David and Morrison, Ruth},
  title     = {Negation in Nanti: Syntactic Evidence for Head and Dependent Negators},
  booktitle = {{Proceedings of the 21st International Conference on Head-Driven Phrase Structure Grammar, University at Buffalo}},
  editor    = {M{\"u}ller, Stefan},
  OPTissn   = {15351793},
  url       = {http://cslipublications.stanford.edu/HPSG/2014/inman-morrison.pdf},
  publisher = {CSLI Publications},
  address   = {Stanford, CA},
  pages     = {103--113},
  year      = {2014},
}

@inproceedings{inman-morrison:2014-cr,
  crossref  = {Mueller2014a-ed},
  author    = {Inman, David and Morrison, Ruth},
  title     = {Negation in Nanti: Syntactic Evidence for Head and Dependent Negators},
  url       = {http://cslipublications.stanford.edu/HPSG/2014/inman-morrison.pdf},
  pages     = {103--113},
}

@proceedings{Mueller2014a-ed,
  editor    = {M{\"u}ller, Stefan},
  title     = {{Proceedings of the 21st International Conference on Head-Driven Phrase Structure Grammar, University at Buffalo}},
  booktitle = {{Proceedings of the 21st International Conference on Head-Driven Phrase Structure Grammar, University at Buffalo}},
  publisher = {CSLI Publications},
  address   = {Stanford, CA},
  OPTissn   = {15351793},
  url       = {http://cslipublications.stanford.edu/HPSG/2014/},
  year      = {2014},
}

