@inproceedings{kalinowski-good:2014,
  author    = {Kalinowski, Cristin and Good, Jeff},
  title     = {Focus as a grammatical relation: Evidence from Africa},
  booktitle = {Proceedings of the 21th International Conference on Head-Driven Phrase Structure Grammar, University at Buffalo},
  editor    = {Stefan M{\"u}ller},
  OPTissn   = {15351793},
  url       = {http://cslipublications.stanford.edu/HPSG/2014/kalinowski-good.pdf},
  publisher = {CSLI Publications},
  address   = {Stanford, CA},
  pages     = {218--218},
  year      = {2014},
}

@inproceedings{kalinowski-good:2014-cr,
  crossref  = {Mueller2014a-ed},
  author    = {Kalinowski, Cristin and Good, Jeff},
  title     = {Focus as a grammatical relation: Evidence from Africa},
  url       = {http://cslipublications.stanford.edu/HPSG/2014/kalinowski-good.pdf},
  pages     = {218--218},
}

@proceedings{Mueller2014a-ed,
  editor    = {Stefan M{\"u}ller},
  title     = {Proceedings of the 21th International Conference on Head-Driven Phrase Structure Grammar, University at Buffalo},
  booktitle = {Proceedings of the 21th International Conference on Head-Driven Phrase Structure Grammar, University at Buffalo},
  publisher = {CSLI Publications},
  address   = {Stanford, CA},
  OPTissn   = {15351793},
  url       = {http://cslipublications.stanford.edu/HPSG/2014/},
  year      = {2014},
}

