@inproceedings{koenig-michelson:2014,
  author    = {Koenig, Jean-Pierre and Michelson, Karin},
  title     = {Deconstructing SYNtax},
  booktitle = {{Proceedings of the 21st International Conference on Head-Driven Phrase Structure Grammar, University at Buffalo}},
  editor    = {M{\"u}ller, Stefan},
  OPTissn   = {15351793},
  url       = {http://cslipublications.stanford.edu/HPSG/2014/koenig-michelson.pdf},
  publisher = {CSLI Publications},
  address   = {Stanford, CA},
  pages     = {114--134},
  year      = {2014},
}

@inproceedings{koenig-michelson:2014-cr,
  crossref  = {Mueller2014a-ed},
  author    = {Koenig, Jean-Pierre and Michelson, Karin},
  title     = {Deconstructing SYNtax},
  url       = {http://cslipublications.stanford.edu/HPSG/2014/koenig-michelson.pdf},
  pages     = {114--134},
}

@proceedings{Mueller2014a-ed,
  editor    = {M{\"u}ller, Stefan},
  title     = {{Proceedings of the 21st International Conference on Head-Driven Phrase Structure Grammar, University at Buffalo}},
  booktitle = {{Proceedings of the 21st International Conference on Head-Driven Phrase Structure Grammar, University at Buffalo}},
  publisher = {CSLI Publications},
  address   = {Stanford, CA},
  OPTissn   = {15351793},
  url       = {http://cslipublications.stanford.edu/HPSG/2014/},
  year      = {2014},
}

