@inproceedings{lee:2014,
  author    = {Lee, Juwon},
  title     = {Two Types of Serial Verb Constructions in Korean: Subject-Sharing and Index-Sharing},
  booktitle = {{Proceedings of the 21st International Conference on Head-Driven Phrase Structure Grammar, University at Buffalo}},
  editor    = {M{\"u}ller, Stefan},
  OPTissn   = {15351793},
  url       = {http://cslipublications.stanford.edu/HPSG/2014/lee.pdf},
  publisher = {CSLI Publications},
  address   = {Stanford, CA},
  pages     = {135--155},
  year      = {2014},
}

@inproceedings{lee:2014-cr,
  crossref  = {Mueller2014a-ed},
  author    = {Lee, Juwon},
  title     = {Two Types of Serial Verb Constructions in Korean: Subject-Sharing and Index-Sharing},
  url       = {http://cslipublications.stanford.edu/HPSG/2014/lee.pdf},
  pages     = {135--155},
}

@proceedings{Mueller2014a-ed,
  editor    = {M{\"u}ller, Stefan},
  title     = {{Proceedings of the 21st International Conference on Head-Driven Phrase Structure Grammar, University at Buffalo}},
  booktitle = {{Proceedings of the 21st International Conference on Head-Driven Phrase Structure Grammar, University at Buffalo}},
  publisher = {CSLI Publications},
  address   = {Stanford, CA},
  OPTissn   = {15351793},
  url       = {http://cslipublications.stanford.edu/HPSG/2014/},
  year      = {2014},
}

