@inproceedings{lin:2014,
  author    = {Lin, Dong-yi},
  title     = {Obligatory Control and Event Structure in Kavalan},
  booktitle = {{Proceedings of the 21st International Conference on Head-Driven Phrase Structure Grammar, University at Buffalo}},
  editor    = {M{\"u}ller, Stefan},
  OPTissn   = {15351793},
  url       = {http://cslipublications.stanford.edu/HPSG/2014/lin.pdf},
  publisher = {CSLI Publications},
  address   = {Stanford, CA},
  pages     = {280--298},
  year      = {2014},
}

@inproceedings{lin:2014-cr,
  crossref  = {Mueller2014a-ed},
  author    = {Lin, Dong-yi},
  title     = {Obligatory Control and Event Structure in Kavalan},
  url       = {http://cslipublications.stanford.edu/HPSG/2014/lin.pdf},
  pages     = {280--298},
}

@proceedings{Mueller2014a-ed,
  editor    = {M{\"u}ller, Stefan},
  title     = {{Proceedings of the 21st International Conference on Head-Driven Phrase Structure Grammar, University at Buffalo}},
  booktitle = {{Proceedings of the 21st International Conference on Head-Driven Phrase Structure Grammar, University at Buffalo}},
  publisher = {CSLI Publications},
  address   = {Stanford, CA},
  OPTissn   = {15351793},
  url       = {http://cslipublications.stanford.edu/HPSG/2014/},
  year      = {2014},
}

