@inproceedings{matic-nikolaeva:2014,
  author    = {Mati{\'c}, Dejan and Nikolaeva, Irina},
  title     = {Focus feature
percolation: Evidence from Tundra Nenets and Tundra Yukaghir},
  booktitle = {{Proceedings of the 21st International Conference on Head-Driven Phrase Structure Grammar, University at Buffalo}},
  editor    = {M{\"u}ller, Stefan},
  OPTissn   = {15351793},
  url       = {http://cslipublications.stanford.edu/HPSG/2014/matic-nikolaeva.pdf},
  publisher = {CSLI Publications},
  address   = {Stanford, CA},
  pages     = {299--317},
  year      = {2014},
}

@inproceedings{matic-nikolaeva:2014-cr,
  crossref  = {Mueller2014a-ed},
  author    = {Mati{\'c}, Dejan and Nikolaeva, Irina},
  title     = {Focus feature
percolation: Evidence from Tundra Nenets and Tundra Yukaghir},
  url       = {http://cslipublications.stanford.edu/HPSG/2014/matic-nikolaeva.pdf},
  pages     = {299--317},
}

@proceedings{Mueller2014a-ed,
  editor    = {M{\"u}ller, Stefan},
  title     = {{Proceedings of the 21st International Conference on Head-Driven Phrase Structure Grammar, University at Buffalo}},
  booktitle = {{Proceedings of the 21st International Conference on Head-Driven Phrase Structure Grammar, University at Buffalo}},
  publisher = {CSLI Publications},
  address   = {Stanford, CA},
  OPTissn   = {15351793},
  url       = {http://cslipublications.stanford.edu/HPSG/2014/},
  year      = {2014},
}

