@inproceedings{vaneynde-augustinus:2014,
  author    = {Van Eynde, Frank and Augustinus, Liesbeth},
  title     = {Complement Raising, Extraction and Adpostion Stranding in Dutch},
  booktitle = {{Proceedings of the 21st International Conference on Head-Driven Phrase Structure Grammar, University at Buffalo}},
  editor    = {M{\"u}ller, Stefan},
  OPTissn   = {15351793},
  url       = {http://cslipublications.stanford.edu/HPSG/2014/vaneynde-augustinus.pdf},
  publisher = {CSLI Publications},
  address   = {Stanford, CA},
  pages     = {156--175},
  year      = {2014},
}

@inproceedings{vaneynde-augustinus:2014-cr,
  crossref  = {Mueller2014a-ed},
  author    = {Van Eynde, Frank and Augustinus, Liesbeth},
  title     = {Complement Raising, Extraction and Adpostion Stranding in Dutch},
  url       = {http://cslipublications.stanford.edu/HPSG/2014/vaneynde-augustinus.pdf},
  pages     = {156--175},
}

@proceedings{Mueller2014a-ed,
  editor    = {M{\"u}ller, Stefan},
  title     = {{Proceedings of the 21st International Conference on Head-Driven Phrase Structure Grammar, University at Buffalo}},
  booktitle = {{Proceedings of the 21st International Conference on Head-Driven Phrase Structure Grammar, University at Buffalo}},
  publisher = {CSLI Publications},
  address   = {Stanford, CA},
  OPTissn   = {15351793},
  url       = {http://cslipublications.stanford.edu/HPSG/2014/},
  year      = {2014},
}

