@inproceedings{zamaraeva-bender:2014,
  author    = {Zamaraeva, Olga and Bender, Emily M.},
  title     = {Focus Case Outside of Austronesian: An Analysis of Kolyma Yukaghir},
  booktitle = {{Proceedings of the 21st International Conference on Head-Driven Phrase Structure Grammar, University at Buffalo}},
  editor    = {M{\"u}ller, Stefan},
  OPTissn   = {15351793},
  url       = {http://cslipublications.stanford.edu/HPSG/2014/zamaraeva-bender.pdf},
  publisher = {CSLI Publications},
  address   = {Stanford, CA},
  pages     = {176--196},
  year      = {2014},
}

@inproceedings{zamaraeva-bender:2014-cr,
  crossref  = {Mueller2014a-ed},
  author    = {Zamaraeva, Olga and Bender, Emily M.},
  title     = {Focus Case Outside of Austronesian: An Analysis of Kolyma Yukaghir},
  url       = {http://cslipublications.stanford.edu/HPSG/2014/zamaraeva-bender.pdf},
  pages     = {176--196},
}

@proceedings{Mueller2014a-ed,
  editor    = {M{\"u}ller, Stefan},
  title     = {{Proceedings of the 21st International Conference on Head-Driven Phrase Structure Grammar, University at Buffalo}},
  booktitle = {{Proceedings of the 21st International Conference on Head-Driven Phrase Structure Grammar, University at Buffalo}},
  publisher = {CSLI Publications},
  address   = {Stanford, CA},
  OPTissn   = {15351793},
  url       = {http://cslipublications.stanford.edu/HPSG/2014/},
  year      = {2014},
}

