@inproceedings{:2009,
  author    = {Iordand},
  title     = {Universit\"{a}t Stuttgart & Universit\"{a}t T\"{u}bingen},
  booktitle = {Proceedings of the 16th International Conference on Head-Driven Phrase Structure Grammar, Georg-August-Universit\"{a}t G\"{o}ttingen, Germany},
  editor    = {Stefan M\"{u}ller},
  OPTissn   = {15351793},
  url       = {http://cslipublications.stanford.edu/HPSG/2009/.pdf},
  publisher = {CSLI Publications},
  address   = {Stanford, CA},
  pages     = {150--150},
  year      = {2009},
}

@inproceedings{:2009-cr,
  crossref  = {Mueller2009a-ed},
  author    = {Iordand},
  title     = {Universit\"{a}t Stuttgart & Universit\"{a}t T\"{u}bingen},
  url       = {http://cslipublications.stanford.edu/HPSG/2009/.pdf},
  pages     = {150--150},
}

@proceedings{Mueller2009a-ed,
  editor    = {Stefan M\"{u}ller},
  title     = {Proceedings of the 16th International Conference on Head-Driven Phrase Structure Grammar, Georg-August-Universit\"{a}t G\"{o}ttingen, Germany},
  booktitle = {Proceedings of the 16th International Conference on Head-Driven Phrase Structure Grammar, Georg-August-Universit\"{a}t G\"{o}ttingen, Germany},
  publisher = {CSLI Publications},
  address   = {Stanford, CA},
  OPTissn   = {15351793},
  url       = {http://cslipublications.stanford.edu/HPSG/2009/},
  year      = {2009},
}

