@inproceedings{bilbiie-laurens:2009,
  author    = {Bîlbîie, Gabriela and Laurens, Fr{\'e}d{\'e}ric},
  title     = {A Construction-based Analysis of Verbless Relative Adjuncts in French and Romanian},
  booktitle = {{Proceedings of the 16th International Conference on Head-Driven Phrase Structure Grammar, Georg-August-Universit\"{a}t G{\"o}ttingen, Germany}},
  editor    = {M{\"u}ller, Stefan},
  OPTissn   = {15351793},
  url       = {http://cslipublications.stanford.edu/HPSG/2009/bilbiie-laurens.pdf},
  publisher = {CSLI Publications},
  address   = {Stanford, CA},
  pages     = {5--25},
  year      = {2009},
}

@inproceedings{bilbiie-laurens:2009-cr,
  crossref  = {Mueller2009a-ed},
  author    = {Bîlbîie, Gabriela and Laurens, Fr{\'e}d{\'e}ric},
  title     = {A Construction-based Analysis of Verbless Relative Adjuncts in French and Romanian},
  url       = {http://cslipublications.stanford.edu/HPSG/2009/bilbiie-laurens.pdf},
  pages     = {5--25},
}

@proceedings{Mueller2009a-ed,
  editor    = {M{\"u}ller, Stefan},
  title     = {{Proceedings of the 16th International Conference on Head-Driven Phrase Structure Grammar, Georg-August-Universit\"{a}t G{\"o}ttingen, Germany}},
  booktitle = {{Proceedings of the 16th International Conference on Head-Driven Phrase Structure Grammar, Georg-August-Universit\"{a}t G{\"o}ttingen, Germany}},
  publisher = {CSLI Publications},
  address   = {Stanford, CA},
  OPTissn   = {15351793},
  url       = {http://cslipublications.stanford.edu/HPSG/2009/},
  year      = {2009},
}

