@inproceedings{bonami-samvelian:2009,
  author    = {Bonami, Olivier and Samvelian, Pollet},
  title     = {Inflectional periphrasis in Persian},
  booktitle = {{Proceedings of the 16th International Conference on Head-Driven Phrase Structure Grammar, Georg-August-Universit\"{a}t G{\"o}ttingen, Germany}},
  editor    = {M{\"u}ller, Stefan},
  OPTissn   = {15351793},
  url       = {http://cslipublications.stanford.edu/HPSG/2009/bonami-samvelian.pdf},
  publisher = {CSLI Publications},
  address   = {Stanford, CA},
  pages     = {26--46},
  year      = {2009},
}

@inproceedings{bonami-samvelian:2009-cr,
  crossref  = {Mueller2009a-ed},
  author    = {Bonami, Olivier and Samvelian, Pollet},
  title     = {Inflectional periphrasis in Persian},
  url       = {http://cslipublications.stanford.edu/HPSG/2009/bonami-samvelian.pdf},
  pages     = {26--46},
}

@proceedings{Mueller2009a-ed,
  editor    = {M{\"u}ller, Stefan},
  title     = {{Proceedings of the 16th International Conference on Head-Driven Phrase Structure Grammar, Georg-August-Universit\"{a}t G{\"o}ttingen, Germany}},
  booktitle = {{Proceedings of the 16th International Conference on Head-Driven Phrase Structure Grammar, Georg-August-Universit\"{a}t G{\"o}ttingen, Germany}},
  publisher = {CSLI Publications},
  address   = {Stanford, CA},
  OPTissn   = {15351793},
  url       = {http://cslipublications.stanford.edu/HPSG/2009/},
  year      = {2009},
}

