@inproceedings{crysmann:2009,
  author    = {Crysmann, Berthold},
  title     = {Deriving Superficial Ergativity in Nias},
  booktitle = {{Proceedings of the 16th International Conference on Head-Driven Phrase Structure Grammar, Georg-August-Universit\"{a}t G{\"o}ttingen, Germany}},
  editor    = {M{\"u}ller, Stefan},
  OPTissn   = {15351793},
  url       = {http://cslipublications.stanford.edu/HPSG/2009/crysmann.pdf},
  publisher = {CSLI Publications},
  address   = {Stanford, CA},
  pages     = {68--88},
  year      = {2009},
}

@inproceedings{crysmann:2009-cr,
  crossref  = {Mueller2009a-ed},
  author    = {Crysmann, Berthold},
  title     = {Deriving Superficial Ergativity in Nias},
  url       = {http://cslipublications.stanford.edu/HPSG/2009/crysmann.pdf},
  pages     = {68--88},
}

@proceedings{Mueller2009a-ed,
  editor    = {M{\"u}ller, Stefan},
  title     = {{Proceedings of the 16th International Conference on Head-Driven Phrase Structure Grammar, Georg-August-Universit\"{a}t G{\"o}ttingen, Germany}},
  booktitle = {{Proceedings of the 16th International Conference on Head-Driven Phrase Structure Grammar, Georg-August-Universit\"{a}t G{\"o}ttingen, Germany}},
  publisher = {CSLI Publications},
  address   = {Stanford, CA},
  OPTissn   = {15351793},
  url       = {http://cslipublications.stanford.edu/HPSG/2009/},
  year      = {2009},
}

