@inproceedings{desmets-villoing:2009,
  author    = {Desmets, Marianne and Villoing, Florence},
  title     = {French VN lexemes: morphological compounding in HPSG},
  booktitle = {{Proceedings of the 16th International Conference on Head-Driven Phrase Structure Grammar, Georg-August-Universit\"{a}t G{\"o}ttingen, Germany}},
  editor    = {M{\"u}ller, Stefan},
  OPTissn   = {15351793},
  url       = {http://cslipublications.stanford.edu/HPSG/2009/desmets-villoing.pdf},
  publisher = {CSLI Publications},
  address   = {Stanford, CA},
  pages     = {89--109},
  year      = {2009},
}

@inproceedings{desmets-villoing:2009-cr,
  crossref  = {Mueller2009a-ed},
  author    = {Desmets, Marianne and Villoing, Florence},
  title     = {French VN lexemes: morphological compounding in HPSG},
  url       = {http://cslipublications.stanford.edu/HPSG/2009/desmets-villoing.pdf},
  pages     = {89--109},
}

@proceedings{Mueller2009a-ed,
  editor    = {M{\"u}ller, Stefan},
  title     = {{Proceedings of the 16th International Conference on Head-Driven Phrase Structure Grammar, Georg-August-Universit\"{a}t G{\"o}ttingen, Germany}},
  booktitle = {{Proceedings of the 16th International Conference on Head-Driven Phrase Structure Grammar, Georg-August-Universit\"{a}t G{\"o}ttingen, Germany}},
  publisher = {CSLI Publications},
  address   = {Stanford, CA},
  OPTissn   = {15351793},
  url       = {http://cslipublications.stanford.edu/HPSG/2009/},
  year      = {2009},
}

