@inproceedings{fpb:2009,
  author    = {Fokkens, Antske and Poulson, Laurie and Bender, Emily M.},
  title     = {Inflectional Morphology in Turkish VP Coordination},
  booktitle = {{Proceedings of the 16th International Conference on Head-Driven Phrase Structure Grammar, Georg-August-Universit\"{a}t G{\"o}ttingen, Germany}},
  editor    = {M{\"u}ller, Stefan},
  OPTissn   = {15351793},
  url       = {http://cslipublications.stanford.edu/HPSG/2009/fpb.pdf},
  publisher = {CSLI Publications},
  address   = {Stanford, CA},
  pages     = {110--130},
  year      = {2009},
}

@inproceedings{fpb:2009-cr,
  crossref  = {Mueller2009a-ed},
  author    = {Fokkens, Antske and Poulson, Laurie and Bender, Emily M.},
  title     = {Inflectional Morphology in Turkish VP Coordination},
  url       = {http://cslipublications.stanford.edu/HPSG/2009/fpb.pdf},
  pages     = {110--130},
}

@proceedings{Mueller2009a-ed,
  editor    = {M{\"u}ller, Stefan},
  title     = {{Proceedings of the 16th International Conference on Head-Driven Phrase Structure Grammar, Georg-August-Universit\"{a}t G{\"o}ttingen, Germany}},
  booktitle = {{Proceedings of the 16th International Conference on Head-Driven Phrase Structure Grammar, Georg-August-Universit\"{a}t G{\"o}ttingen, Germany}},
  publisher = {CSLI Publications},
  address   = {Stanford, CA},
  OPTissn   = {15351793},
  url       = {http://cslipublications.stanford.edu/HPSG/2009/},
  year      = {2009},
}

