@inproceedings{holler:2009,
  author    = {Holler, Anke},
  title     = {Towards an analysis of the adverbial use of German interrogative \emph{was}
(`what')},
  booktitle = {{Proceedings of the 16th International Conference on Head-Driven Phrase Structure Grammar, Georg-August-Universit\"{a}t G{\"o}ttingen, Germany}},
  editor    = {M{\"u}ller, Stefan},
  OPTissn   = {15351793},
  url       = {http://cslipublications.stanford.edu/HPSG/2009/holler.pdf},
  publisher = {CSLI Publications},
  address   = {Stanford, CA},
  pages     = {131--149},
  year      = {2009},
}

@inproceedings{holler:2009-cr,
  crossref  = {Mueller2009a-ed},
  author    = {Holler, Anke},
  title     = {Towards an analysis of the adverbial use of German interrogative \emph{was}
(`what')},
  url       = {http://cslipublications.stanford.edu/HPSG/2009/holler.pdf},
  pages     = {131--149},
}

@proceedings{Mueller2009a-ed,
  editor    = {M{\"u}ller, Stefan},
  title     = {{Proceedings of the 16th International Conference on Head-Driven Phrase Structure Grammar, Georg-August-Universit\"{a}t G{\"o}ttingen, Germany}},
  booktitle = {{Proceedings of the 16th International Conference on Head-Driven Phrase Structure Grammar, Georg-August-Universit\"{a}t G{\"o}ttingen, Germany}},
  publisher = {CSLI Publications},
  address   = {Stanford, CA},
  OPTissn   = {15351793},
  url       = {http://cslipublications.stanford.edu/HPSG/2009/},
  year      = {2009},
}

