@proceedings{Mueller2009a-ed,
  editor    = {M{\"u}ller, Stefan},
  title     = {{Proceedings of the 16th International Conference on Head-Driven Phrase Structure Grammar, Georg-August-Universit\"{a}t G{\"o}ttingen, Germany}},
  booktitle = {{Proceedings of the 16th International Conference on Head-Driven Phrase Structure Grammar, Georg-August-Universit\"{a}t G{\"o}ttingen, Germany}},
  url       = {http://cslipublications.stanford.edu/HPSG/2009/},
  publisher = {CSLI Publications},
  address   = {Stanford, CA},
  OPTissn   = {15351793},
  year      = {2009},
}

@inproceedings{bilbiie-laurens:2009,
  author    = {Bîlbîie, Gabriela and Laurens, Fr{\'e}d{\'e}ric},
  title     = {A Construction-based Analysis of Verbless Relative Adjuncts in French and Romanian},
  booktitle = {{Proceedings of the 16th International Conference on Head-Driven Phrase Structure Grammar, Georg-August-Universit\"{a}t G{\"o}ttingen, Germany}},
  editor    = {M{\"u}ller, Stefan},
  OPTissn   = {15351793},
  url       = {http://cslipublications.stanford.edu/HPSG/2009/bilbiie-laurens.pdf},
  publisher = {CSLI Publications},
  address   = {Stanford, CA},
  pages     = {5--25},
  year      = {2009},
}

@inproceedings{bilbiie-laurens:2009-cr,
  crossref  = {Mueller2009a-ed},
  author    = {Bîlbîie, Gabriela and Laurens, Fr{\'e}d{\'e}ric},
  title     = {A Construction-based Analysis of Verbless Relative Adjuncts in French and Romanian},
  url       = {http://cslipublications.stanford.edu/HPSG/2009/bilbiie-laurens.pdf},
  pages     = {5--25},
}

@inproceedings{bonami-samvelian:2009,
  author    = {Bonami, Olivier and Samvelian, Pollet},
  title     = {Inflectional periphrasis in Persian},
  booktitle = {{Proceedings of the 16th International Conference on Head-Driven Phrase Structure Grammar, Georg-August-Universit\"{a}t G{\"o}ttingen, Germany}},
  editor    = {M{\"u}ller, Stefan},
  OPTissn   = {15351793},
  url       = {http://cslipublications.stanford.edu/HPSG/2009/bonami-samvelian.pdf},
  publisher = {CSLI Publications},
  address   = {Stanford, CA},
  pages     = {26--46},
  year      = {2009},
}

@inproceedings{bonami-samvelian:2009-cr,
  crossref  = {Mueller2009a-ed},
  author    = {Bonami, Olivier and Samvelian, Pollet},
  title     = {Inflectional periphrasis in Persian},
  url       = {http://cslipublications.stanford.edu/HPSG/2009/bonami-samvelian.pdf},
  pages     = {26--46},
}

@inproceedings{chaves:2009,
  author    = {Chaves, Rui P.},
  title     = {Construction-based Cumulation and Adjunct Extraction},
  booktitle = {{Proceedings of the 16th International Conference on Head-Driven Phrase Structure Grammar, Georg-August-Universit\"{a}t G{\"o}ttingen, Germany}},
  editor    = {M{\"u}ller, Stefan},
  OPTissn   = {15351793},
  url       = {http://cslipublications.stanford.edu/HPSG/2009/chaves.pdf},
  publisher = {CSLI Publications},
  address   = {Stanford, CA},
  pages     = {47--67},
  year      = {2009},
}

@inproceedings{chaves:2009-cr,
  crossref  = {Mueller2009a-ed},
  author    = {Chaves, Rui P.},
  title     = {Construction-based Cumulation and Adjunct Extraction},
  url       = {http://cslipublications.stanford.edu/HPSG/2009/chaves.pdf},
  pages     = {47--67},
}

@inproceedings{crysmann:2009,
  author    = {Crysmann, Berthold},
  title     = {Deriving Superficial Ergativity in Nias},
  booktitle = {{Proceedings of the 16th International Conference on Head-Driven Phrase Structure Grammar, Georg-August-Universit\"{a}t G{\"o}ttingen, Germany}},
  editor    = {M{\"u}ller, Stefan},
  OPTissn   = {15351793},
  url       = {http://cslipublications.stanford.edu/HPSG/2009/crysmann.pdf},
  publisher = {CSLI Publications},
  address   = {Stanford, CA},
  pages     = {68--88},
  year      = {2009},
}

@inproceedings{crysmann:2009-cr,
  crossref  = {Mueller2009a-ed},
  author    = {Crysmann, Berthold},
  title     = {Deriving Superficial Ergativity in Nias},
  url       = {http://cslipublications.stanford.edu/HPSG/2009/crysmann.pdf},
  pages     = {68--88},
}

@inproceedings{desmets-villoing:2009,
  author    = {Desmets, Marianne and Villoing, Florence},
  title     = {French VN lexemes: morphological compounding in HPSG},
  booktitle = {{Proceedings of the 16th International Conference on Head-Driven Phrase Structure Grammar, Georg-August-Universit\"{a}t G{\"o}ttingen, Germany}},
  editor    = {M{\"u}ller, Stefan},
  OPTissn   = {15351793},
  url       = {http://cslipublications.stanford.edu/HPSG/2009/desmets-villoing.pdf},
  publisher = {CSLI Publications},
  address   = {Stanford, CA},
  pages     = {89--109},
  year      = {2009},
}

@inproceedings{desmets-villoing:2009-cr,
  crossref  = {Mueller2009a-ed},
  author    = {Desmets, Marianne and Villoing, Florence},
  title     = {French VN lexemes: morphological compounding in HPSG},
  url       = {http://cslipublications.stanford.edu/HPSG/2009/desmets-villoing.pdf},
  pages     = {89--109},
}

@inproceedings{fpb:2009,
  author    = {Fokkens, Antske and Poulson, Laurie and Bender, Emily M.},
  title     = {Inflectional Morphology in Turkish VP Coordination},
  booktitle = {{Proceedings of the 16th International Conference on Head-Driven Phrase Structure Grammar, Georg-August-Universit\"{a}t G{\"o}ttingen, Germany}},
  editor    = {M{\"u}ller, Stefan},
  OPTissn   = {15351793},
  url       = {http://cslipublications.stanford.edu/HPSG/2009/fpb.pdf},
  publisher = {CSLI Publications},
  address   = {Stanford, CA},
  pages     = {110--130},
  year      = {2009},
}

@inproceedings{fpb:2009-cr,
  crossref  = {Mueller2009a-ed},
  author    = {Fokkens, Antske and Poulson, Laurie and Bender, Emily M.},
  title     = {Inflectional Morphology in Turkish VP Coordination},
  url       = {http://cslipublications.stanford.edu/HPSG/2009/fpb.pdf},
  pages     = {110--130},
}

@inproceedings{holler:2009,
  author    = {Holler, Anke},
  title     = {Towards an analysis of the adverbial use of German interrogative \emph{was}
(`what')},
  booktitle = {{Proceedings of the 16th International Conference on Head-Driven Phrase Structure Grammar, Georg-August-Universit\"{a}t G{\"o}ttingen, Germany}},
  editor    = {M{\"u}ller, Stefan},
  OPTissn   = {15351793},
  url       = {http://cslipublications.stanford.edu/HPSG/2009/holler.pdf},
  publisher = {CSLI Publications},
  address   = {Stanford, CA},
  pages     = {131--149},
  year      = {2009},
}

@inproceedings{holler:2009-cr,
  crossref  = {Mueller2009a-ed},
  author    = {Holler, Anke},
  title     = {Towards an analysis of the adverbial use of German interrogative \emph{was}
(`what')},
  url       = {http://cslipublications.stanford.edu/HPSG/2009/holler.pdf},
  pages     = {131--149},
}

@inproceedings{iordachioaia-richter:2009,
  author    = {Iord\u{a}chioaia, Gianina and Richter, Frank},
  title     = {Negative Concord in Romanian as Polyadic Quantification},
  booktitle = {{Proceedings of the 16th International Conference on Head-Driven Phrase Structure Grammar, Georg-August-Universit\"{a}t G{\"o}ttingen, Germany}},
  editor    = {M{\"u}ller, Stefan},
  OPTissn   = {15351793},
  url       = {http://cslipublications.stanford.edu/HPSG/2009/iordachioaia-richter.pdf},
  publisher = {CSLI Publications},
  address   = {Stanford, CA},
  pages     = {150--170},
  year      = {2009},
}

@inproceedings{iordachioaia-richter:2009-cr,
  crossref  = {Mueller2009a-ed},
  author    = {Iord\u{a}chioaia, Gianina and Richter, Frank},
  title     = {Negative Concord in Romanian as Polyadic Quantification},
  url       = {http://cslipublications.stanford.edu/HPSG/2009/iordachioaia-richter.pdf},
  pages     = {150--170},
}

@inproceedings{kay-sag:2009,
  author    = {Kay, Paul and Sag, Ivan A.},
  title     = {How Hard a Problem Would This Be to Solve?},
  booktitle = {{Proceedings of the 16th International Conference on Head-Driven Phrase Structure Grammar, Georg-August-Universit\"{a}t G{\"o}ttingen, Germany}},
  editor    = {M{\"u}ller, Stefan},
  OPTissn   = {15351793},
  url       = {http://cslipublications.stanford.edu/HPSG/2009/kay-sag.pdf},
  publisher = {CSLI Publications},
  address   = {Stanford, CA},
  pages     = {171--191},
  year      = {2009},
}

@inproceedings{kay-sag:2009-cr,
  crossref  = {Mueller2009a-ed},
  author    = {Kay, Paul and Sag, Ivan A.},
  title     = {How Hard a Problem Would This Be to Solve?},
  url       = {http://cslipublications.stanford.edu/HPSG/2009/kay-sag.pdf},
  pages     = {171--191},
}

@inproceedings{lahm:2009,
  author    = {Lahm, David},
  title     = {An Alternative to the HPSG Raising Principle on the Description-Level},
  booktitle = {{Proceedings of the 16th International Conference on Head-Driven Phrase Structure Grammar, Georg-August-Universit\"{a}t G{\"o}ttingen, Germany}},
  editor    = {M{\"u}ller, Stefan},
  OPTissn   = {15351793},
  url       = {http://cslipublications.stanford.edu/HPSG/2009/lahm.pdf},
  publisher = {CSLI Publications},
  address   = {Stanford, CA},
  pages     = {192--212},
  year      = {2009},
}

@inproceedings{lahm:2009-cr,
  crossref  = {Mueller2009a-ed},
  author    = {Lahm, David},
  title     = {An Alternative to the HPSG Raising Principle on the Description-Level},
  url       = {http://cslipublications.stanford.edu/HPSG/2009/lahm.pdf},
  pages     = {192--212},
}

@inproceedings{mueller:2009,
  author    = {M{\"u}ller, Stefan},
  title     = {On Predication},
  booktitle = {{Proceedings of the 16th International Conference on Head-Driven Phrase Structure Grammar, Georg-August-Universit\"{a}t G{\"o}ttingen, Germany}},
  editor    = {M{\"u}ller, Stefan},
  OPTissn   = {15351793},
  url       = {http://cslipublications.stanford.edu/HPSG/2009/mueller.pdf},
  publisher = {CSLI Publications},
  address   = {Stanford, CA},
  pages     = {213--233},
  year      = {2009},
}

@inproceedings{mueller:2009-cr,
  crossref  = {Mueller2009a-ed},
  author    = {M{\"u}ller, Stefan},
  title     = {On Predication},
  url       = {http://cslipublications.stanford.edu/HPSG/2009/mueller.pdf},
  pages     = {213--233},
}

@inproceedings{mueller-lipenkova:2009,
  author    = {M{\"u}ller, Stefan and Lipenkova, Janna},
  title     = {Serial Verb Constructions in Chinese: A HPSG Account},
  booktitle = {{Proceedings of the 16th International Conference on Head-Driven Phrase Structure Grammar, Georg-August-Universit\"{a}t G{\"o}ttingen, Germany}},
  editor    = {M{\"u}ller, Stefan},
  OPTissn   = {15351793},
  url       = {http://cslipublications.stanford.edu/HPSG/2009/mueller-lipenkova.pdf},
  publisher = {CSLI Publications},
  address   = {Stanford, CA},
  pages     = {234--254},
  year      = {2009},
}

@inproceedings{mueller-lipenkova:2009-cr,
  crossref  = {Mueller2009a-ed},
  author    = {M{\"u}ller, Stefan and Lipenkova, Janna},
  title     = {Serial Verb Constructions in Chinese: A HPSG Account},
  url       = {http://cslipublications.stanford.edu/HPSG/2009/mueller-lipenkova.pdf},
  pages     = {234--254},
}

@inproceedings{oersnes:2009,
  author    = {{\O}rsnes, Bjarne},
  title     = {Preposed Negation in Danish},
  booktitle = {{Proceedings of the 16th International Conference on Head-Driven Phrase Structure Grammar, Georg-August-Universit\"{a}t G{\"o}ttingen, Germany}},
  editor    = {M{\"u}ller, Stefan},
  OPTissn   = {15351793},
  url       = {http://cslipublications.stanford.edu/HPSG/2009/oersnes.pdf},
  publisher = {CSLI Publications},
  address   = {Stanford, CA},
  pages     = {255--275},
  year      = {2009},
}

@inproceedings{oersnes:2009-cr,
  crossref  = {Mueller2009a-ed},
  author    = {{\O}rsnes, Bjarne},
  title     = {Preposed Negation in Danish},
  url       = {http://cslipublications.stanford.edu/HPSG/2009/oersnes.pdf},
  pages     = {255--275},
}

@inproceedings{poornima-koenig:2009,
  author    = {Poornima, Shakthi and Koenig, Jean-Pierre},
  title     = {Hindi Aspectual Complex Predicates},
  booktitle = {{Proceedings of the 16th International Conference on Head-Driven Phrase Structure Grammar, Georg-August-Universit\"{a}t G{\"o}ttingen, Germany}},
  editor    = {M{\"u}ller, Stefan},
  OPTissn   = {15351793},
  url       = {http://cslipublications.stanford.edu/HPSG/2009/poornima-koenig.pdf},
  publisher = {CSLI Publications},
  address   = {Stanford, CA},
  pages     = {276--296},
  year      = {2009},
}

@inproceedings{poornima-koenig:2009-cr,
  crossref  = {Mueller2009a-ed},
  author    = {Poornima, Shakthi and Koenig, Jean-Pierre},
  title     = {Hindi Aspectual Complex Predicates},
  url       = {http://cslipublications.stanford.edu/HPSG/2009/poornima-koenig.pdf},
  pages     = {276--296},
}

@inproceedings{richter-sailer:2009,
  author    = {Richter, Frank and Sailer, Manfred},
  title     = {Phraseological Clauses in Constructional HPSG},
  booktitle = {{Proceedings of the 16th International Conference on Head-Driven Phrase Structure Grammar, Georg-August-Universit\"{a}t G{\"o}ttingen, Germany}},
  editor    = {M{\"u}ller, Stefan},
  OPTissn   = {15351793},
  url       = {http://cslipublications.stanford.edu/HPSG/2009/richter-sailer.pdf},
  publisher = {CSLI Publications},
  address   = {Stanford, CA},
  pages     = {297--317},
  year      = {2009},
}

@inproceedings{richter-sailer:2009-cr,
  crossref  = {Mueller2009a-ed},
  author    = {Richter, Frank and Sailer, Manfred},
  title     = {Phraseological Clauses in Constructional HPSG},
  url       = {http://cslipublications.stanford.edu/HPSG/2009/richter-sailer.pdf},
  pages     = {297--317},
}

@inproceedings{skwarski:2009,
  author    = {Skwarski, Filip},
  title     = {Accounting for Underlying Forms in HPSG Phonology},
  booktitle = {{Proceedings of the 16th International Conference on Head-Driven Phrase Structure Grammar, Georg-August-Universit\"{a}t G{\"o}ttingen, Germany}},
  editor    = {M{\"u}ller, Stefan},
  OPTissn   = {15351793},
  url       = {http://cslipublications.stanford.edu/HPSG/2009/skwarski.pdf},
  publisher = {CSLI Publications},
  address   = {Stanford, CA},
  pages     = {318--337},
  year      = {2009},
}

@inproceedings{skwarski:2009-cr,
  crossref  = {Mueller2009a-ed},
  author    = {Skwarski, Filip},
  title     = {Accounting for Underlying Forms in HPSG Phonology},
  url       = {http://cslipublications.stanford.edu/HPSG/2009/skwarski.pdf},
  pages     = {318--337},
}

@inproceedings{tseng:2009,
  author    = {Tseng, Jesse},
  title     = {Phonological change and grammaticalization in HPSG: The case of French final consonants},
  booktitle = {{Proceedings of the 16th International Conference on Head-Driven Phrase Structure Grammar, Georg-August-Universit\"{a}t G{\"o}ttingen, Germany}},
  editor    = {M{\"u}ller, Stefan},
  OPTissn   = {15351793},
  url       = {http://cslipublications.stanford.edu/HPSG/2009/tseng.pdf},
  publisher = {CSLI Publications},
  address   = {Stanford, CA},
  pages     = {338--358},
  year      = {2009},
}

@inproceedings{tseng:2009-cr,
  crossref  = {Mueller2009a-ed},
  author    = {Tseng, Jesse},
  title     = {Phonological change and grammaticalization in HPSG: The case of French final consonants},
  url       = {http://cslipublications.stanford.edu/HPSG/2009/tseng.pdf},
  pages     = {338--358},
}

@inproceedings{vaneynde:2009,
  author    = {Van Eynde, Frank},
  title     = {On the copula: from a Fregean to a Montagovian treatment},
  booktitle = {{Proceedings of the 16th International Conference on Head-Driven Phrase Structure Grammar, Georg-August-Universit\"{a}t G{\"o}ttingen, Germany}},
  editor    = {M{\"u}ller, Stefan},
  OPTissn   = {15351793},
  url       = {http://cslipublications.stanford.edu/HPSG/2009/vaneynde.pdf},
  publisher = {CSLI Publications},
  address   = {Stanford, CA},
  pages     = {359--375},
  year      = {2009},
}

@inproceedings{vaneynde:2009-cr,
  crossref  = {Mueller2009a-ed},
  author    = {Van Eynde, Frank},
  title     = {On the copula: from a Fregean to a Montagovian treatment},
  url       = {http://cslipublications.stanford.edu/HPSG/2009/vaneynde.pdf},
  pages     = {359--375},
}

