@inproceedings{iordachioaia-richter:2009,
  author    = {Iord\u{a}chioaia, Gianina and Richter, Frank},
  title     = {Negative Concord in Romanian as Polyadic Quantification},
  booktitle = {{Proceedings of the 16th International Conference on Head-Driven Phrase Structure Grammar, Georg-August-Universit\"{a}t G{\"o}ttingen, Germany}},
  editor    = {M{\"u}ller, Stefan},
  OPTissn   = {15351793},
  url       = {http://cslipublications.stanford.edu/HPSG/2009/iordachioaia-richter.pdf},
  publisher = {CSLI Publications},
  address   = {Stanford, CA},
  pages     = {150--170},
  year      = {2009},
}

@inproceedings{iordachioaia-richter:2009-cr,
  crossref  = {Mueller2009a-ed},
  author    = {Iord\u{a}chioaia, Gianina and Richter, Frank},
  title     = {Negative Concord in Romanian as Polyadic Quantification},
  url       = {http://cslipublications.stanford.edu/HPSG/2009/iordachioaia-richter.pdf},
  pages     = {150--170},
}

@proceedings{Mueller2009a-ed,
  editor    = {M{\"u}ller, Stefan},
  title     = {{Proceedings of the 16th International Conference on Head-Driven Phrase Structure Grammar, Georg-August-Universit\"{a}t G{\"o}ttingen, Germany}},
  booktitle = {{Proceedings of the 16th International Conference on Head-Driven Phrase Structure Grammar, Georg-August-Universit\"{a}t G{\"o}ttingen, Germany}},
  publisher = {CSLI Publications},
  address   = {Stanford, CA},
  OPTissn   = {15351793},
  url       = {http://cslipublications.stanford.edu/HPSG/2009/},
  year      = {2009},
}

