@inproceedings{iordăchioaia-richter:2009,
  author    = {Iordăchioaia, Gianina  and Richter, Frank},
  title     = {Negative Concord in Romanian as Polyadic Quantification},
  booktitle = {Proceedings of the 16th International Conference on Head-Driven Phrase Structure Grammar, Georg-August-Universit\"{a}t G\"{o}ttingen, Germany},
  editor    = {Stefan M\"{u}ller},
  OPTissn   = {15351793},
  url       = {http://cslipublications.stanford.edu/HPSG/2009/iordăchioaia-richter.pdf},
  publisher = {CSLI Publications},
  address   = {Stanford, CA},
  pages     = {150--150},
  year      = {2009},
}

@inproceedings{iordăchioaia-richter:2009-cr,
  crossref  = {Mueller2009a-ed},
  author    = {Iordăchioaia, Gianina  and Richter, Frank},
  title     = {Negative Concord in Romanian as Polyadic Quantification},
  url       = {http://cslipublications.stanford.edu/HPSG/2009/iordăchioaia-richter.pdf},
  pages     = {150--150},
}

@proceedings{Mueller2009a-ed,
  editor    = {Stefan M\"{u}ller},
  title     = {Proceedings of the 16th International Conference on Head-Driven Phrase Structure Grammar, Georg-August-Universit\"{a}t G\"{o}ttingen, Germany},
  booktitle = {Proceedings of the 16th International Conference on Head-Driven Phrase Structure Grammar, Georg-August-Universit\"{a}t G\"{o}ttingen, Germany},
  publisher = {CSLI Publications},
  address   = {Stanford, CA},
  OPTissn   = {15351793},
  url       = {http://cslipublications.stanford.edu/HPSG/2009/},
  year      = {2009},
}

