@inproceedings{kay-sag:2009,
  author    = {Kay, Paul and Sag, Ivan A.},
  title     = {How Hard a Problem Would This Be to Solve?},
  booktitle = {{Proceedings of the 16th International Conference on Head-Driven Phrase Structure Grammar, Georg-August-Universit\"{a}t G{\"o}ttingen, Germany}},
  editor    = {M{\"u}ller, Stefan},
  OPTissn   = {15351793},
  url       = {http://cslipublications.stanford.edu/HPSG/2009/kay-sag.pdf},
  publisher = {CSLI Publications},
  address   = {Stanford, CA},
  pages     = {171--191},
  year      = {2009},
}

@inproceedings{kay-sag:2009-cr,
  crossref  = {Mueller2009a-ed},
  author    = {Kay, Paul and Sag, Ivan A.},
  title     = {How Hard a Problem Would This Be to Solve?},
  url       = {http://cslipublications.stanford.edu/HPSG/2009/kay-sag.pdf},
  pages     = {171--191},
}

@proceedings{Mueller2009a-ed,
  editor    = {M{\"u}ller, Stefan},
  title     = {{Proceedings of the 16th International Conference on Head-Driven Phrase Structure Grammar, Georg-August-Universit\"{a}t G{\"o}ttingen, Germany}},
  booktitle = {{Proceedings of the 16th International Conference on Head-Driven Phrase Structure Grammar, Georg-August-Universit\"{a}t G{\"o}ttingen, Germany}},
  publisher = {CSLI Publications},
  address   = {Stanford, CA},
  OPTissn   = {15351793},
  url       = {http://cslipublications.stanford.edu/HPSG/2009/},
  year      = {2009},
}

