@inproceedings{lahm:2009,
  author    = {Lahm, David},
  title     = {An Alternative to the HPSG Raising Principle on the Description-Level},
  booktitle = {{Proceedings of the 16th International Conference on Head-Driven Phrase Structure Grammar, Georg-August-Universit\"{a}t G{\"o}ttingen, Germany}},
  editor    = {M{\"u}ller, Stefan},
  OPTissn   = {15351793},
  url       = {http://cslipublications.stanford.edu/HPSG/2009/lahm.pdf},
  publisher = {CSLI Publications},
  address   = {Stanford, CA},
  pages     = {192--212},
  year      = {2009},
}

@inproceedings{lahm:2009-cr,
  crossref  = {Mueller2009a-ed},
  author    = {Lahm, David},
  title     = {An Alternative to the HPSG Raising Principle on the Description-Level},
  url       = {http://cslipublications.stanford.edu/HPSG/2009/lahm.pdf},
  pages     = {192--212},
}

@proceedings{Mueller2009a-ed,
  editor    = {M{\"u}ller, Stefan},
  title     = {{Proceedings of the 16th International Conference on Head-Driven Phrase Structure Grammar, Georg-August-Universit\"{a}t G{\"o}ttingen, Germany}},
  booktitle = {{Proceedings of the 16th International Conference on Head-Driven Phrase Structure Grammar, Georg-August-Universit\"{a}t G{\"o}ttingen, Germany}},
  publisher = {CSLI Publications},
  address   = {Stanford, CA},
  OPTissn   = {15351793},
  url       = {http://cslipublications.stanford.edu/HPSG/2009/},
  year      = {2009},
}

