@inproceedings{mueller-lipenkova:2009,
  author    = {M{\"u}ller, Stefan and Lipenkova, Janna},
  title     = {Serial Verb Constructions in Chinese: A HPSG Account},
  booktitle = {{Proceedings of the 16th International Conference on Head-Driven Phrase Structure Grammar, Georg-August-Universit\"{a}t G{\"o}ttingen, Germany}},
  editor    = {M{\"u}ller, Stefan},
  OPTissn   = {15351793},
  url       = {http://cslipublications.stanford.edu/HPSG/2009/mueller-lipenkova.pdf},
  publisher = {CSLI Publications},
  address   = {Stanford, CA},
  pages     = {234--254},
  year      = {2009},
}

@inproceedings{mueller-lipenkova:2009-cr,
  crossref  = {Mueller2009a-ed},
  author    = {M{\"u}ller, Stefan and Lipenkova, Janna},
  title     = {Serial Verb Constructions in Chinese: A HPSG Account},
  url       = {http://cslipublications.stanford.edu/HPSG/2009/mueller-lipenkova.pdf},
  pages     = {234--254},
}

@proceedings{Mueller2009a-ed,
  editor    = {M{\"u}ller, Stefan},
  title     = {{Proceedings of the 16th International Conference on Head-Driven Phrase Structure Grammar, Georg-August-Universit\"{a}t G{\"o}ttingen, Germany}},
  booktitle = {{Proceedings of the 16th International Conference on Head-Driven Phrase Structure Grammar, Georg-August-Universit\"{a}t G{\"o}ttingen, Germany}},
  publisher = {CSLI Publications},
  address   = {Stanford, CA},
  OPTissn   = {15351793},
  url       = {http://cslipublications.stanford.edu/HPSG/2009/},
  year      = {2009},
}

