@inproceedings{oersnes:2009,
  author    = {{\O}rsnes, Bjarne},
  title     = {Preposed Negation in Danish},
  booktitle = {{Proceedings of the 16th International Conference on Head-Driven Phrase Structure Grammar, Georg-August-Universit\"{a}t G{\"o}ttingen, Germany}},
  editor    = {M{\"u}ller, Stefan},
  OPTissn   = {15351793},
  url       = {http://cslipublications.stanford.edu/HPSG/2009/oersnes.pdf},
  publisher = {CSLI Publications},
  address   = {Stanford, CA},
  pages     = {255--275},
  year      = {2009},
}

@inproceedings{oersnes:2009-cr,
  crossref  = {Mueller2009a-ed},
  author    = {{\O}rsnes, Bjarne},
  title     = {Preposed Negation in Danish},
  url       = {http://cslipublications.stanford.edu/HPSG/2009/oersnes.pdf},
  pages     = {255--275},
}

@proceedings{Mueller2009a-ed,
  editor    = {M{\"u}ller, Stefan},
  title     = {{Proceedings of the 16th International Conference on Head-Driven Phrase Structure Grammar, Georg-August-Universit\"{a}t G{\"o}ttingen, Germany}},
  booktitle = {{Proceedings of the 16th International Conference on Head-Driven Phrase Structure Grammar, Georg-August-Universit\"{a}t G{\"o}ttingen, Germany}},
  publisher = {CSLI Publications},
  address   = {Stanford, CA},
  OPTissn   = {15351793},
  url       = {http://cslipublications.stanford.edu/HPSG/2009/},
  year      = {2009},
}

