@inproceedings{poornima-koenig:2009,
  author    = {Poornima, Shakthi and Koenig, Jean-Pierre},
  title     = {Hindi Aspectual Complex Predicates},
  booktitle = {{Proceedings of the 16th International Conference on Head-Driven Phrase Structure Grammar, Georg-August-Universit\"{a}t G{\"o}ttingen, Germany}},
  editor    = {M{\"u}ller, Stefan},
  OPTissn   = {15351793},
  url       = {http://cslipublications.stanford.edu/HPSG/2009/poornima-koenig.pdf},
  publisher = {CSLI Publications},
  address   = {Stanford, CA},
  pages     = {276--296},
  year      = {2009},
}

@inproceedings{poornima-koenig:2009-cr,
  crossref  = {Mueller2009a-ed},
  author    = {Poornima, Shakthi and Koenig, Jean-Pierre},
  title     = {Hindi Aspectual Complex Predicates},
  url       = {http://cslipublications.stanford.edu/HPSG/2009/poornima-koenig.pdf},
  pages     = {276--296},
}

@proceedings{Mueller2009a-ed,
  editor    = {M{\"u}ller, Stefan},
  title     = {{Proceedings of the 16th International Conference on Head-Driven Phrase Structure Grammar, Georg-August-Universit\"{a}t G{\"o}ttingen, Germany}},
  booktitle = {{Proceedings of the 16th International Conference on Head-Driven Phrase Structure Grammar, Georg-August-Universit\"{a}t G{\"o}ttingen, Germany}},
  publisher = {CSLI Publications},
  address   = {Stanford, CA},
  OPTissn   = {15351793},
  url       = {http://cslipublications.stanford.edu/HPSG/2009/},
  year      = {2009},
}

