@inproceedings{richter-sailer:2009,
  author    = {Richter, Frank and Sailer, Manfred},
  title     = {Phraseological Clauses in Constructional HPSG},
  booktitle = {{Proceedings of the 16th International Conference on Head-Driven Phrase Structure Grammar, Georg-August-Universit\"{a}t G{\"o}ttingen, Germany}},
  editor    = {M{\"u}ller, Stefan},
  OPTissn   = {15351793},
  url       = {http://cslipublications.stanford.edu/HPSG/2009/richter-sailer.pdf},
  publisher = {CSLI Publications},
  address   = {Stanford, CA},
  pages     = {297--317},
  year      = {2009},
}

@inproceedings{richter-sailer:2009-cr,
  crossref  = {Mueller2009a-ed},
  author    = {Richter, Frank and Sailer, Manfred},
  title     = {Phraseological Clauses in Constructional HPSG},
  url       = {http://cslipublications.stanford.edu/HPSG/2009/richter-sailer.pdf},
  pages     = {297--317},
}

@proceedings{Mueller2009a-ed,
  editor    = {M{\"u}ller, Stefan},
  title     = {{Proceedings of the 16th International Conference on Head-Driven Phrase Structure Grammar, Georg-August-Universit\"{a}t G{\"o}ttingen, Germany}},
  booktitle = {{Proceedings of the 16th International Conference on Head-Driven Phrase Structure Grammar, Georg-August-Universit\"{a}t G{\"o}ttingen, Germany}},
  publisher = {CSLI Publications},
  address   = {Stanford, CA},
  OPTissn   = {15351793},
  url       = {http://cslipublications.stanford.edu/HPSG/2009/},
  year      = {2009},
}

