@inproceedings{skwarski:2009,
  author    = {Skwarski, Filip},
  title     = {Accounting for Underlying Forms in HPSG Phonology},
  booktitle = {{Proceedings of the 16th International Conference on Head-Driven Phrase Structure Grammar, Georg-August-Universit\"{a}t G{\"o}ttingen, Germany}},
  editor    = {M{\"u}ller, Stefan},
  OPTissn   = {15351793},
  url       = {http://cslipublications.stanford.edu/HPSG/2009/skwarski.pdf},
  publisher = {CSLI Publications},
  address   = {Stanford, CA},
  pages     = {318--337},
  year      = {2009},
}

@inproceedings{skwarski:2009-cr,
  crossref  = {Mueller2009a-ed},
  author    = {Skwarski, Filip},
  title     = {Accounting for Underlying Forms in HPSG Phonology},
  url       = {http://cslipublications.stanford.edu/HPSG/2009/skwarski.pdf},
  pages     = {318--337},
}

@proceedings{Mueller2009a-ed,
  editor    = {M{\"u}ller, Stefan},
  title     = {{Proceedings of the 16th International Conference on Head-Driven Phrase Structure Grammar, Georg-August-Universit\"{a}t G{\"o}ttingen, Germany}},
  booktitle = {{Proceedings of the 16th International Conference on Head-Driven Phrase Structure Grammar, Georg-August-Universit\"{a}t G{\"o}ttingen, Germany}},
  publisher = {CSLI Publications},
  address   = {Stanford, CA},
  OPTissn   = {15351793},
  url       = {http://cslipublications.stanford.edu/HPSG/2009/},
  year      = {2009},
}

