@inproceedings{tseng:2009,
  author    = {Tseng, Jesse},
  title     = {Phonological change and grammaticalization in HPSG: The case of French final consonants},
  booktitle = {{Proceedings of the 16th International Conference on Head-Driven Phrase Structure Grammar, Georg-August-Universit\"{a}t G{\"o}ttingen, Germany}},
  editor    = {M{\"u}ller, Stefan},
  OPTissn   = {15351793},
  url       = {http://cslipublications.stanford.edu/HPSG/2009/tseng.pdf},
  publisher = {CSLI Publications},
  address   = {Stanford, CA},
  pages     = {338--358},
  year      = {2009},
}

@inproceedings{tseng:2009-cr,
  crossref  = {Mueller2009a-ed},
  author    = {Tseng, Jesse},
  title     = {Phonological change and grammaticalization in HPSG: The case of French final consonants},
  url       = {http://cslipublications.stanford.edu/HPSG/2009/tseng.pdf},
  pages     = {338--358},
}

@proceedings{Mueller2009a-ed,
  editor    = {M{\"u}ller, Stefan},
  title     = {{Proceedings of the 16th International Conference on Head-Driven Phrase Structure Grammar, Georg-August-Universit\"{a}t G{\"o}ttingen, Germany}},
  booktitle = {{Proceedings of the 16th International Conference on Head-Driven Phrase Structure Grammar, Georg-August-Universit\"{a}t G{\"o}ttingen, Germany}},
  publisher = {CSLI Publications},
  address   = {Stanford, CA},
  OPTissn   = {15351793},
  url       = {http://cslipublications.stanford.edu/HPSG/2009/},
  year      = {2009},
}

