@inproceedings{vaneynde:2009,
  author    = {Van Eynde, Frank},
  title     = {On the copula: from a Fregean to a Montagovian treatment},
  booktitle = {{Proceedings of the 16th International Conference on Head-Driven Phrase Structure Grammar, Georg-August-Universit\"{a}t G{\"o}ttingen, Germany}},
  editor    = {M{\"u}ller, Stefan},
  OPTissn   = {15351793},
  url       = {http://cslipublications.stanford.edu/HPSG/2009/vaneynde.pdf},
  publisher = {CSLI Publications},
  address   = {Stanford, CA},
  pages     = {359--375},
  year      = {2009},
}

@inproceedings{vaneynde:2009-cr,
  crossref  = {Mueller2009a-ed},
  author    = {Van Eynde, Frank},
  title     = {On the copula: from a Fregean to a Montagovian treatment},
  url       = {http://cslipublications.stanford.edu/HPSG/2009/vaneynde.pdf},
  pages     = {359--375},
}

@proceedings{Mueller2009a-ed,
  editor    = {M{\"u}ller, Stefan},
  title     = {{Proceedings of the 16th International Conference on Head-Driven Phrase Structure Grammar, Georg-August-Universit\"{a}t G{\"o}ttingen, Germany}},
  booktitle = {{Proceedings of the 16th International Conference on Head-Driven Phrase Structure Grammar, Georg-August-Universit\"{a}t G{\"o}ttingen, Germany}},
  publisher = {CSLI Publications},
  address   = {Stanford, CA},
  OPTissn   = {15351793},
  url       = {http://cslipublications.stanford.edu/HPSG/2009/},
  year      = {2009},
}

