@inproceedings{abgt:2004,
  author    = {Abeill{\'e}, Anne and Bonami, Olivier and Godard, Dani\`{e}le and Tseng, Jesse},
  title     = {The Syntax of French N$'$ Phrases},
  booktitle = {{Proceedings of the 11th International Conference on Head-Driven Phrase Structure Grammar, Center for Computational Linguistics, Katholieke Universiteit Leuven}},
  editor    = {M{\"u}ller, Stefan},
  OPTissn   = {15351793},
  url       = {http://cslipublications.stanford.edu/HPSG/2004/abgt.pdf},
  publisher = {CSLI Publications},
  address   = {Stanford, CA},
  pages     = {6--26},
  year      = {2004},
}

@inproceedings{abgt:2004-cr,
  crossref  = {Mueller2004a-ed},
  author    = {Abeill{\'e}, Anne and Bonami, Olivier and Godard, Dani\`{e}le and Tseng, Jesse},
  title     = {The Syntax of French N$'$ Phrases},
  url       = {http://cslipublications.stanford.edu/HPSG/2004/abgt.pdf},
  pages     = {6--26},
}

@proceedings{Mueller2004a-ed,
  editor    = {M{\"u}ller, Stefan},
  title     = {{Proceedings of the 11th International Conference on Head-Driven Phrase Structure Grammar, Center for Computational Linguistics, Katholieke Universiteit Leuven}},
  booktitle = {{Proceedings of the 11th International Conference on Head-Driven Phrase Structure Grammar, Center for Computational Linguistics, Katholieke Universiteit Leuven}},
  publisher = {CSLI Publications},
  address   = {Stanford, CA},
  OPTissn   = {15351793},
  url       = {http://cslipublications.stanford.edu/HPSG/2004/},
  year      = {2004},
}

