@inproceedings{abt:2004,
  author    = {Abeillé, Anne and Bonami, Olivier  Godard, Danièle and Tseng, Jesse},
  title     = {The Syntax of French N' Phrases.},
  booktitle = {Proceedings of the 11th International Conference on Head-Driven Phrase Structure Grammar, Center for Computational Linguistics, Katholieke Universiteit Leuven},
  editor    = {Stefan M\"{u}ller},
  OPTissn   = {15351793},
  url       = {http://cslipublications.stanford.edu/HPSG/2004/abt.pdf},
  publisher = {CSLI Publications},
  address   = {Stanford, CA},
  pages     = {5--5},
  year      = {2004},
}

@inproceedings{abt:2004-cr,
  crossref  = {Mueller2004a-ed},
  author    = {Abeillé, Anne and Bonami, Olivier  Godard, Danièle and Tseng, Jesse},
  title     = {The Syntax of French N' Phrases.},
  url       = {http://cslipublications.stanford.edu/HPSG/2004/abt.pdf},
  pages     = {5--5},
}

@proceedings{Mueller2004a-ed,
  editor    = {Stefan M\"{u}ller},
  title     = {Proceedings of the 11th International Conference on Head-Driven Phrase Structure Grammar, Center for Computational Linguistics, Katholieke Universiteit Leuven},
  booktitle = {Proceedings of the 11th International Conference on Head-Driven Phrase Structure Grammar, Center for Computational Linguistics, Katholieke Universiteit Leuven},
  publisher = {CSLI Publications},
  address   = {Stanford, CA},
  OPTissn   = {15351793},
  url       = {http://cslipublications.stanford.edu/HPSG/2004/},
  year      = {2004},
}

