@inproceedings{arnold:2004,
  author    = {Arnold, Doug},
  title     = {Non-Restrictive Relative Clauses in Construction Based HPSG},
  booktitle = {{Proceedings of the 11th International Conference on Head-Driven Phrase Structure Grammar, Center for Computational Linguistics, Katholieke Universiteit Leuven}},
  editor    = {M{\"u}ller, Stefan},
  OPTissn   = {15351793},
  url       = {http://cslipublications.stanford.edu/HPSG/2004/arnold.pdf},
  publisher = {CSLI Publications},
  address   = {Stanford, CA},
  pages     = {27--47},
  year      = {2004},
}

@inproceedings{arnold:2004-cr,
  crossref  = {Mueller2004a-ed},
  author    = {Arnold, Doug},
  title     = {Non-Restrictive Relative Clauses in Construction Based HPSG},
  url       = {http://cslipublications.stanford.edu/HPSG/2004/arnold.pdf},
  pages     = {27--47},
}

@proceedings{Mueller2004a-ed,
  editor    = {M{\"u}ller, Stefan},
  title     = {{Proceedings of the 11th International Conference on Head-Driven Phrase Structure Grammar, Center for Computational Linguistics, Katholieke Universiteit Leuven}},
  booktitle = {{Proceedings of the 11th International Conference on Head-Driven Phrase Structure Grammar, Center for Computational Linguistics, Katholieke Universiteit Leuven}},
  publisher = {CSLI Publications},
  address   = {Stanford, CA},
  OPTissn   = {15351793},
  url       = {http://cslipublications.stanford.edu/HPSG/2004/},
  year      = {2004},
}

