@inproceedings{beermann-hellan:2004,
  author    = {Beermann, Dorothee and Hellan, Lars},
  title     = {A treatment of directionals in implemented HPSG Grammars},
  booktitle = {{Proceedings of the 11th International Conference on Head-Driven Phrase Structure Grammar, Center for Computational Linguistics, Katholieke Universiteit Leuven}},
  editor    = {M{\"u}ller, Stefan},
  OPTissn   = {15351793},
  url       = {http://cslipublications.stanford.edu/HPSG/2004/beermann-hellan.pdf},
  publisher = {CSLI Publications},
  address   = {Stanford, CA},
  pages     = {357--377},
  year      = {2004},
}

@inproceedings{beermann-hellan:2004-cr,
  crossref  = {Mueller2004a-ed},
  author    = {Beermann, Dorothee and Hellan, Lars},
  title     = {A treatment of directionals in implemented HPSG Grammars},
  url       = {http://cslipublications.stanford.edu/HPSG/2004/beermann-hellan.pdf},
  pages     = {357--377},
}

@proceedings{Mueller2004a-ed,
  editor    = {M{\"u}ller, Stefan},
  title     = {{Proceedings of the 11th International Conference on Head-Driven Phrase Structure Grammar, Center for Computational Linguistics, Katholieke Universiteit Leuven}},
  booktitle = {{Proceedings of the 11th International Conference on Head-Driven Phrase Structure Grammar, Center for Computational Linguistics, Katholieke Universiteit Leuven}},
  publisher = {CSLI Publications},
  address   = {Stanford, CA},
  OPTissn   = {15351793},
  url       = {http://cslipublications.stanford.edu/HPSG/2004/},
  year      = {2004},
}

