@inproceedings{crysmann:2004,
  author    = {Crysmann, Berthold},
  title     = {Underspecification of Intersective Modifier Attachment: Some Arguments from German},
  booktitle = {{Proceedings of the 11th International Conference on Head-Driven Phrase Structure Grammar, Center for Computational Linguistics, Katholieke Universiteit Leuven}},
  editor    = {M{\"u}ller, Stefan},
  OPTissn   = {15351793},
  url       = {http://cslipublications.stanford.edu/HPSG/2004/crysmann.pdf},
  publisher = {CSLI Publications},
  address   = {Stanford, CA},
  pages     = {378--392},
  year      = {2004},
}

@inproceedings{crysmann:2004-cr,
  crossref  = {Mueller2004a-ed},
  author    = {Crysmann, Berthold},
  title     = {Underspecification of Intersective Modifier Attachment: Some Arguments from German},
  url       = {http://cslipublications.stanford.edu/HPSG/2004/crysmann.pdf},
  pages     = {378--392},
}

@proceedings{Mueller2004a-ed,
  editor    = {M{\"u}ller, Stefan},
  title     = {{Proceedings of the 11th International Conference on Head-Driven Phrase Structure Grammar, Center for Computational Linguistics, Katholieke Universiteit Leuven}},
  booktitle = {{Proceedings of the 11th International Conference on Head-Driven Phrase Structure Grammar, Center for Computational Linguistics, Katholieke Universiteit Leuven}},
  publisher = {CSLI Publications},
  address   = {Stanford, CA},
  OPTissn   = {15351793},
  url       = {http://cslipublications.stanford.edu/HPSG/2004/},
  year      = {2004},
}

