@inproceedings{daniels-meurers:2004,
  author    = {Daniels, Michael W. and Meurers, W. Detmar},
  title     = {GIDLP: A Grammar Format For Linearization-based HPSG},
  booktitle = {{Proceedings of the 11th International Conference on Head-Driven Phrase Structure Grammar, Center for Computational Linguistics, Katholieke Universiteit Leuven}},
  editor    = {M{\"u}ller, Stefan},
  OPTissn   = {15351793},
  url       = {http://cslipublications.stanford.edu/HPSG/2004/daniels-meurers.pdf},
  publisher = {CSLI Publications},
  address   = {Stanford, CA},
  pages     = {93--111},
  year      = {2004},
}

@inproceedings{daniels-meurers:2004-cr,
  crossref  = {Mueller2004a-ed},
  author    = {Daniels, Michael W. and Meurers, W. Detmar},
  title     = {GIDLP: A Grammar Format For Linearization-based HPSG},
  url       = {http://cslipublications.stanford.edu/HPSG/2004/daniels-meurers.pdf},
  pages     = {93--111},
}

@proceedings{Mueller2004a-ed,
  editor    = {M{\"u}ller, Stefan},
  title     = {{Proceedings of the 11th International Conference on Head-Driven Phrase Structure Grammar, Center for Computational Linguistics, Katholieke Universiteit Leuven}},
  booktitle = {{Proceedings of the 11th International Conference on Head-Driven Phrase Structure Grammar, Center for Computational Linguistics, Katholieke Universiteit Leuven}},
  publisher = {CSLI Publications},
  address   = {Stanford, CA},
  OPTissn   = {15351793},
  url       = {http://cslipublications.stanford.edu/HPSG/2004/},
  year      = {2004},
}

