@inproceedings{deswart:2004,
  author    = {de Swart, Henriette},
  title     = {A Typology of Negation in a Constraint-Based Framework of Syntax and Semantics},
  booktitle = {{Proceedings of the 11th International Conference on Head-Driven Phrase Structure Grammar, Center for Computational Linguistics, Katholieke Universiteit Leuven}},
  editor    = {M{\"u}ller, Stefan},
  OPTissn   = {15351793},
  url       = {http://cslipublications.stanford.edu/HPSG/2004/deswart.pdf},
  publisher = {CSLI Publications},
  address   = {Stanford, CA},
  pages     = {112--118},
  year      = {2004},
}

@inproceedings{deswart:2004-cr,
  crossref  = {Mueller2004a-ed},
  author    = {de Swart, Henriette},
  title     = {A Typology of Negation in a Constraint-Based Framework of Syntax and Semantics},
  url       = {http://cslipublications.stanford.edu/HPSG/2004/deswart.pdf},
  pages     = {112--118},
}

@proceedings{Mueller2004a-ed,
  editor    = {M{\"u}ller, Stefan},
  title     = {{Proceedings of the 11th International Conference on Head-Driven Phrase Structure Grammar, Center for Computational Linguistics, Katholieke Universiteit Leuven}},
  booktitle = {{Proceedings of the 11th International Conference on Head-Driven Phrase Structure Grammar, Center for Computational Linguistics, Katholieke Universiteit Leuven}},
  publisher = {CSLI Publications},
  address   = {Stanford, CA},
  OPTissn   = {15351793},
  url       = {http://cslipublications.stanford.edu/HPSG/2004/},
  year      = {2004},
}

