@inproceedings{fsdks:2004,
  author    = {Frank, Anette and Spreyer, Kathrin and Dro\.zd\.zy\'nski, Witold and Krieger, Hans-Ulrich and Sch\"{a}fer, Ulrich},
  title     = {Constraint-Based RMRS Construction from Shallow Grammars},
  booktitle = {{Proceedings of the 11th International Conference on Head-Driven Phrase Structure Grammar, Center for Computational Linguistics, Katholieke Universiteit Leuven}},
  editor    = {M{\"u}ller, Stefan},
  OPTissn   = {15351793},
  url       = {http://cslipublications.stanford.edu/HPSG/2004/fsdks.pdf},
  publisher = {CSLI Publications},
  address   = {Stanford, CA},
  pages     = {393--413},
  year      = {2004},
}

@inproceedings{fsdks:2004-cr,
  crossref  = {Mueller2004a-ed},
  author    = {Frank, Anette and Spreyer, Kathrin and Dro\.zd\.zy\'nski, Witold and Krieger, Hans-Ulrich and Sch\"{a}fer, Ulrich},
  title     = {Constraint-Based RMRS Construction from Shallow Grammars},
  url       = {http://cslipublications.stanford.edu/HPSG/2004/fsdks.pdf},
  pages     = {393--413},
}

@proceedings{Mueller2004a-ed,
  editor    = {M{\"u}ller, Stefan},
  title     = {{Proceedings of the 11th International Conference on Head-Driven Phrase Structure Grammar, Center for Computational Linguistics, Katholieke Universiteit Leuven}},
  booktitle = {{Proceedings of the 11th International Conference on Head-Driven Phrase Structure Grammar, Center for Computational Linguistics, Katholieke Universiteit Leuven}},
  publisher = {CSLI Publications},
  address   = {Stanford, CA},
  OPTissn   = {15351793},
  url       = {http://cslipublications.stanford.edu/HPSG/2004/},
  year      = {2004},
}

