@inproceedings{haugereid:2004,
  author    = {Haugereid, Petter},
  title     = {Linking in Constructions},
  booktitle = {{Proceedings of the 11th International Conference on Head-Driven Phrase Structure Grammar, Center for Computational Linguistics, Katholieke Universiteit Leuven}},
  editor    = {M{\"u}ller, Stefan},
  OPTissn   = {15351793},
  url       = {http://cslipublications.stanford.edu/HPSG/2004/haugereid.pdf},
  publisher = {CSLI Publications},
  address   = {Stanford, CA},
  pages     = {414--422},
  year      = {2004},
}

@inproceedings{haugereid:2004-cr,
  crossref  = {Mueller2004a-ed},
  author    = {Haugereid, Petter},
  title     = {Linking in Constructions},
  url       = {http://cslipublications.stanford.edu/HPSG/2004/haugereid.pdf},
  pages     = {414--422},
}

@proceedings{Mueller2004a-ed,
  editor    = {M{\"u}ller, Stefan},
  title     = {{Proceedings of the 11th International Conference on Head-Driven Phrase Structure Grammar, Center for Computational Linguistics, Katholieke Universiteit Leuven}},
  booktitle = {{Proceedings of the 11th International Conference on Head-Driven Phrase Structure Grammar, Center for Computational Linguistics, Katholieke Universiteit Leuven}},
  publisher = {CSLI Publications},
  address   = {Stanford, CA},
  OPTissn   = {15351793},
  url       = {http://cslipublications.stanford.edu/HPSG/2004/},
  year      = {2004},
}

