@proceedings{Mueller2004a-ed,
  editor    = {M{\"u}ller, Stefan},
  title     = {{Proceedings of the 11th International Conference on Head-Driven Phrase Structure Grammar, Center for Computational Linguistics, Katholieke Universiteit Leuven}},
  booktitle = {{Proceedings of the 11th International Conference on Head-Driven Phrase Structure Grammar, Center for Computational Linguistics, Katholieke Universiteit Leuven}},
  url       = {http://cslipublications.stanford.edu/HPSG/2004/},
  publisher = {CSLI Publications},
  address   = {Stanford, CA},
  OPTissn   = {15351793},
  year      = {2004},
}

@inproceedings{abgt:2004,
  author    = {Abeill{\'e}, Anne and Bonami, Olivier and Godard, Dani\`{e}le and Tseng, Jesse},
  title     = {The Syntax of French N$'$ Phrases},
  booktitle = {{Proceedings of the 11th International Conference on Head-Driven Phrase Structure Grammar, Center for Computational Linguistics, Katholieke Universiteit Leuven}},
  editor    = {M{\"u}ller, Stefan},
  OPTissn   = {15351793},
  url       = {http://cslipublications.stanford.edu/HPSG/2004/abgt.pdf},
  publisher = {CSLI Publications},
  address   = {Stanford, CA},
  pages     = {6--26},
  year      = {2004},
}

@inproceedings{abgt:2004-cr,
  crossref  = {Mueller2004a-ed},
  author    = {Abeill{\'e}, Anne and Bonami, Olivier and Godard, Dani\`{e}le and Tseng, Jesse},
  title     = {The Syntax of French N$'$ Phrases},
  url       = {http://cslipublications.stanford.edu/HPSG/2004/abgt.pdf},
  pages     = {6--26},
}

@inproceedings{arnold:2004,
  author    = {Arnold, Doug},
  title     = {Non-Restrictive Relative Clauses in Construction Based HPSG},
  booktitle = {{Proceedings of the 11th International Conference on Head-Driven Phrase Structure Grammar, Center for Computational Linguistics, Katholieke Universiteit Leuven}},
  editor    = {M{\"u}ller, Stefan},
  OPTissn   = {15351793},
  url       = {http://cslipublications.stanford.edu/HPSG/2004/arnold.pdf},
  publisher = {CSLI Publications},
  address   = {Stanford, CA},
  pages     = {27--47},
  year      = {2004},
}

@inproceedings{arnold:2004-cr,
  crossref  = {Mueller2004a-ed},
  author    = {Arnold, Doug},
  title     = {Non-Restrictive Relative Clauses in Construction Based HPSG},
  url       = {http://cslipublications.stanford.edu/HPSG/2004/arnold.pdf},
  pages     = {27--47},
}

@inproceedings{beavers-sag:2004,
  author    = {Beavers, John and Sag, Ivan A.},
  title     = {Coordinate Ellipsis and Apparent Non-Constituent Coordination},
  booktitle = {{Proceedings of the 11th International Conference on Head-Driven Phrase Structure Grammar, Center for Computational Linguistics, Katholieke Universiteit Leuven}},
  editor    = {M{\"u}ller, Stefan},
  OPTissn   = {15351793},
  url       = {http://cslipublications.stanford.edu/HPSG/2004/beavers-sag.pdf},
  publisher = {CSLI Publications},
  address   = {Stanford, CA},
  pages     = {48--69},
  year      = {2004},
}

@inproceedings{beavers-sag:2004-cr,
  crossref  = {Mueller2004a-ed},
  author    = {Beavers, John and Sag, Ivan A.},
  title     = {Coordinate Ellipsis and Apparent Non-Constituent Coordination},
  url       = {http://cslipublications.stanford.edu/HPSG/2004/beavers-sag.pdf},
  pages     = {48--69},
}

@inproceedings{borsley:2004,
  author    = {Borsley, Robert D.},
  title     = {An Approach to English Comparative Correlatives},
  booktitle = {{Proceedings of the 11th International Conference on Head-Driven Phrase Structure Grammar, Center for Computational Linguistics, Katholieke Universiteit Leuven}},
  editor    = {M{\"u}ller, Stefan},
  OPTissn   = {15351793},
  url       = {http://cslipublications.stanford.edu/HPSG/2004/borsley.pdf},
  publisher = {CSLI Publications},
  address   = {Stanford, CA},
  pages     = {70--92},
  year      = {2004},
}

@inproceedings{borsley:2004-cr,
  crossref  = {Mueller2004a-ed},
  author    = {Borsley, Robert D.},
  title     = {An Approach to English Comparative Correlatives},
  url       = {http://cslipublications.stanford.edu/HPSG/2004/borsley.pdf},
  pages     = {70--92},
}

@inproceedings{daniels-meurers:2004,
  author    = {Daniels, Michael W. and Meurers, W. Detmar},
  title     = {GIDLP: A Grammar Format For Linearization-based HPSG},
  booktitle = {{Proceedings of the 11th International Conference on Head-Driven Phrase Structure Grammar, Center for Computational Linguistics, Katholieke Universiteit Leuven}},
  editor    = {M{\"u}ller, Stefan},
  OPTissn   = {15351793},
  url       = {http://cslipublications.stanford.edu/HPSG/2004/daniels-meurers.pdf},
  publisher = {CSLI Publications},
  address   = {Stanford, CA},
  pages     = {93--111},
  year      = {2004},
}

@inproceedings{daniels-meurers:2004-cr,
  crossref  = {Mueller2004a-ed},
  author    = {Daniels, Michael W. and Meurers, W. Detmar},
  title     = {GIDLP: A Grammar Format For Linearization-based HPSG},
  url       = {http://cslipublications.stanford.edu/HPSG/2004/daniels-meurers.pdf},
  pages     = {93--111},
}

@inproceedings{deswart:2004,
  author    = {de Swart, Henriette},
  title     = {A Typology of Negation in a Constraint-Based Framework of Syntax and Semantics},
  booktitle = {{Proceedings of the 11th International Conference on Head-Driven Phrase Structure Grammar, Center for Computational Linguistics, Katholieke Universiteit Leuven}},
  editor    = {M{\"u}ller, Stefan},
  OPTissn   = {15351793},
  url       = {http://cslipublications.stanford.edu/HPSG/2004/deswart.pdf},
  publisher = {CSLI Publications},
  address   = {Stanford, CA},
  pages     = {112--118},
  year      = {2004},
}

@inproceedings{deswart:2004-cr,
  crossref  = {Mueller2004a-ed},
  author    = {de Swart, Henriette},
  title     = {A Typology of Negation in a Constraint-Based Framework of Syntax and Semantics},
  url       = {http://cslipublications.stanford.edu/HPSG/2004/deswart.pdf},
  pages     = {112--118},
}

@inproceedings{egg:2004,
  author    = {Egg, Markus},
  title     = {Mismatches at the Syntax-Semantics Interface},
  booktitle = {{Proceedings of the 11th International Conference on Head-Driven Phrase Structure Grammar, Center for Computational Linguistics, Katholieke Universiteit Leuven}},
  editor    = {M{\"u}ller, Stefan},
  OPTissn   = {15351793},
  url       = {http://cslipublications.stanford.edu/HPSG/2004/egg.pdf},
  publisher = {CSLI Publications},
  address   = {Stanford, CA},
  pages     = {119--139},
  year      = {2004},
}

@inproceedings{egg:2004-cr,
  crossref  = {Mueller2004a-ed},
  author    = {Egg, Markus},
  title     = {Mismatches at the Syntax-Semantics Interface},
  url       = {http://cslipublications.stanford.edu/HPSG/2004/egg.pdf},
  pages     = {119--139},
}

@inproceedings{koenig-davis:2004,
  author    = {Koenig, Jean-Pierre and Davis, Anthony R.},
  title     = {Raising Doubts about Russian Impersonals},
  booktitle = {{Proceedings of the 11th International Conference on Head-Driven Phrase Structure Grammar, Center for Computational Linguistics, Katholieke Universiteit Leuven}},
  editor    = {M{\"u}ller, Stefan},
  OPTissn   = {15351793},
  url       = {http://cslipublications.stanford.edu/HPSG/2004/koenig-davis.pdf},
  publisher = {CSLI Publications},
  address   = {Stanford, CA},
  pages     = {140--150},
  year      = {2004},
}

@inproceedings{koenig-davis:2004-cr,
  crossref  = {Mueller2004a-ed},
  author    = {Koenig, Jean-Pierre and Davis, Anthony R.},
  title     = {Raising Doubts about Russian Impersonals},
  url       = {http://cslipublications.stanford.edu/HPSG/2004/koenig-davis.pdf},
  pages     = {140--150},
}

@inproceedings{kordoni:2004,
  author    = {Kordoni, Valia},
  title     = {Between Shifts and Alternations: Ditransitive Constructions},
  booktitle = {{Proceedings of the 11th International Conference on Head-Driven Phrase Structure Grammar, Center for Computational Linguistics, Katholieke Universiteit Leuven}},
  editor    = {M{\"u}ller, Stefan},
  OPTissn   = {15351793},
  url       = {http://cslipublications.stanford.edu/HPSG/2004/kordoni.pdf},
  publisher = {CSLI Publications},
  address   = {Stanford, CA},
  pages     = {151--167},
  year      = {2004},
}

@inproceedings{kordoni:2004-cr,
  crossref  = {Mueller2004a-ed},
  author    = {Kordoni, Valia},
  title     = {Between Shifts and Alternations: Ditransitive Constructions},
  url       = {http://cslipublications.stanford.edu/HPSG/2004/kordoni.pdf},
  pages     = {151--167},
}

@inproceedings{maekawa:2004,
  author    = {Maekawa, Takafumi},
  title     = {Constituency, Word Order and Focus Projection},
  booktitle = {{Proceedings of the 11th International Conference on Head-Driven Phrase Structure Grammar, Center for Computational Linguistics, Katholieke Universiteit Leuven}},
  editor    = {M{\"u}ller, Stefan},
  OPTissn   = {15351793},
  url       = {http://cslipublications.stanford.edu/HPSG/2004/maekawa.pdf},
  publisher = {CSLI Publications},
  address   = {Stanford, CA},
  pages     = {168--188},
  year      = {2004},
}

@inproceedings{maekawa:2004-cr,
  crossref  = {Mueller2004a-ed},
  author    = {Maekawa, Takafumi},
  title     = {Constituency, Word Order and Focus Projection},
  url       = {http://cslipublications.stanford.edu/HPSG/2004/maekawa.pdf},
  pages     = {168--188},
}

@inproceedings{marshall-safar:2004,
  author    = {Marshall, Ian and Safar,  Eva},
  title     = {Sign Language Generation in an ALE HPSG},
  booktitle = {{Proceedings of the 11th International Conference on Head-Driven Phrase Structure Grammar, Center for Computational Linguistics, Katholieke Universiteit Leuven}},
  editor    = {M{\"u}ller, Stefan},
  OPTissn   = {15351793},
  url       = {http://cslipublications.stanford.edu/HPSG/2004/marshall-safar.pdf},
  publisher = {CSLI Publications},
  address   = {Stanford, CA},
  pages     = {189--201},
  year      = {2004},
}

@inproceedings{marshall-safar:2004-cr,
  crossref  = {Mueller2004a-ed},
  author    = {Marshall, Ian and Safar,  Eva},
  title     = {Sign Language Generation in an ALE HPSG},
  url       = {http://cslipublications.stanford.edu/HPSG/2004/marshall-safar.pdf},
  pages     = {189--201},
}

@inproceedings{mueller:2004,
  author    = {M{\"u}ller, Stefan},
  title     = {An Analysis of Depictive Secondary Predicates in German without Discontinuous Constituents},
  booktitle = {{Proceedings of the 11th International Conference on Head-Driven Phrase Structure Grammar, Center for Computational Linguistics, Katholieke Universiteit Leuven}},
  editor    = {M{\"u}ller, Stefan},
  OPTissn   = {15351793},
  url       = {http://cslipublications.stanford.edu/HPSG/2004/mueller.pdf},
  publisher = {CSLI Publications},
  address   = {Stanford, CA},
  pages     = {202--222},
  year      = {2004},
}

@inproceedings{mueller:2004-cr,
  crossref  = {Mueller2004a-ed},
  author    = {M{\"u}ller, Stefan},
  title     = {An Analysis of Depictive Secondary Predicates in German without Discontinuous Constituents},
  url       = {http://cslipublications.stanford.edu/HPSG/2004/mueller.pdf},
  pages     = {202--222},
}

@inproceedings{sailer:2004,
  author    = {Sailer, Manfred},
  title     = {Propositional Relative Clauses in German},
  booktitle = {{Proceedings of the 11th International Conference on Head-Driven Phrase Structure Grammar, Center for Computational Linguistics, Katholieke Universiteit Leuven}},
  editor    = {M{\"u}ller, Stefan},
  OPTissn   = {15351793},
  url       = {http://cslipublications.stanford.edu/HPSG/2004/sailer.pdf},
  publisher = {CSLI Publications},
  address   = {Stanford, CA},
  pages     = {223--243},
  year      = {2004},
}

@inproceedings{sailer:2004-cr,
  crossref  = {Mueller2004a-ed},
  author    = {Sailer, Manfred},
  title     = {Propositional Relative Clauses in German},
  url       = {http://cslipublications.stanford.edu/HPSG/2004/sailer.pdf},
  pages     = {223--243},
}

@inproceedings{siegel-bender:2004,
  author    = {Siegel, Melanie and Bender, Emily M.},
  title     = {Head-Initial Constructions in Japanese},
  booktitle = {{Proceedings of the 11th International Conference on Head-Driven Phrase Structure Grammar, Center for Computational Linguistics, Katholieke Universiteit Leuven}},
  editor    = {M{\"u}ller, Stefan},
  OPTissn   = {15351793},
  url       = {http://cslipublications.stanford.edu/HPSG/2004/siegel-bender.pdf},
  publisher = {CSLI Publications},
  address   = {Stanford, CA},
  pages     = {244--260},
  year      = {2004},
}

@inproceedings{siegel-bender:2004-cr,
  crossref  = {Mueller2004a-ed},
  author    = {Siegel, Melanie and Bender, Emily M.},
  title     = {Head-Initial Constructions in Japanese},
  url       = {http://cslipublications.stanford.edu/HPSG/2004/siegel-bender.pdf},
  pages     = {244--260},
}

@inproceedings{soehn:2004,
  author    = {Soehn, Jan-Philipp},
  title     = {License to Coll: How to Bind Bound Words and Readings to their Contexts},
  booktitle = {{Proceedings of the 11th International Conference on Head-Driven Phrase Structure Grammar, Center for Computational Linguistics, Katholieke Universiteit Leuven}},
  editor    = {M{\"u}ller, Stefan},
  OPTissn   = {15351793},
  url       = {http://cslipublications.stanford.edu/HPSG/2004/soehn.pdf},
  publisher = {CSLI Publications},
  address   = {Stanford, CA},
  pages     = {261--273},
  year      = {2004},
}

@inproceedings{soehn:2004-cr,
  crossref  = {Mueller2004a-ed},
  author    = {Soehn, Jan-Philipp},
  title     = {License to Coll: How to Bind Bound Words and Readings to their Contexts},
  url       = {http://cslipublications.stanford.edu/HPSG/2004/soehn.pdf},
  pages     = {261--273},
}

@inproceedings{taghvaipour:2004,
  author    = {Taghvaipour, Mehran A.},
  title     = {An HPSG Analysis of Persian Relative Clauses},
  booktitle = {{Proceedings of the 11th International Conference on Head-Driven Phrase Structure Grammar, Center for Computational Linguistics, Katholieke Universiteit Leuven}},
  editor    = {M{\"u}ller, Stefan},
  OPTissn   = {15351793},
  url       = {http://cslipublications.stanford.edu/HPSG/2004/taghvaipour.pdf},
  publisher = {CSLI Publications},
  address   = {Stanford, CA},
  pages     = {274--293},
  year      = {2004},
}

@inproceedings{taghvaipour:2004-cr,
  crossref  = {Mueller2004a-ed},
  author    = {Taghvaipour, Mehran A.},
  title     = {An HPSG Analysis of Persian Relative Clauses},
  url       = {http://cslipublications.stanford.edu/HPSG/2004/taghvaipour.pdf},
  pages     = {274--293},
}

@inproceedings{trawinski:2004,
  author    = {Trawinski, Beata},
  title     = {Towards Licensing of Adverbial Noun Phrases in HPSG},
  booktitle = {{Proceedings of the 11th International Conference on Head-Driven Phrase Structure Grammar, Center for Computational Linguistics, Katholieke Universiteit Leuven}},
  editor    = {M{\"u}ller, Stefan},
  OPTissn   = {15351793},
  url       = {http://cslipublications.stanford.edu/HPSG/2004/trawinski.pdf},
  publisher = {CSLI Publications},
  address   = {Stanford, CA},
  pages     = {294--312},
  year      = {2004},
}

@inproceedings{trawinski:2004-cr,
  crossref  = {Mueller2004a-ed},
  author    = {Trawinski, Beata},
  title     = {Towards Licensing of Adverbial Noun Phrases in HPSG},
  url       = {http://cslipublications.stanford.edu/HPSG/2004/trawinski.pdf},
  pages     = {294--312},
}

@inproceedings{vaneynde:2004,
  author    = {Van Eynde, Frank},
  title     = {Pied Piping is a Local Dependency},
  booktitle = {{Proceedings of the 11th International Conference on Head-Driven Phrase Structure Grammar, Center for Computational Linguistics, Katholieke Universiteit Leuven}},
  editor    = {M{\"u}ller, Stefan},
  OPTissn   = {15351793},
  url       = {http://cslipublications.stanford.edu/HPSG/2004/vaneynde.pdf},
  publisher = {CSLI Publications},
  address   = {Stanford, CA},
  pages     = {313--334},
  year      = {2004},
}

@inproceedings{vaneynde:2004-cr,
  crossref  = {Mueller2004a-ed},
  author    = {Van Eynde, Frank},
  title     = {Pied Piping is a Local Dependency},
  url       = {http://cslipublications.stanford.edu/HPSG/2004/vaneynde.pdf},
  pages     = {313--334},
}

@inproceedings{yatabe:2004,
  author    = {Yatabe, Sh{\^u}ichi},
  title     = {A Comprehensive Theory of Coordination of Unlikes},
  booktitle = {{Proceedings of the 11th International Conference on Head-Driven Phrase Structure Grammar, Center for Computational Linguistics, Katholieke Universiteit Leuven}},
  editor    = {M{\"u}ller, Stefan},
  OPTissn   = {15351793},
  url       = {http://cslipublications.stanford.edu/HPSG/2004/yatabe.pdf},
  publisher = {CSLI Publications},
  address   = {Stanford, CA},
  pages     = {335--355},
  year      = {2004},
}

@inproceedings{yatabe:2004-cr,
  crossref  = {Mueller2004a-ed},
  author    = {Yatabe, Sh{\^u}ichi},
  title     = {A Comprehensive Theory of Coordination of Unlikes},
  url       = {http://cslipublications.stanford.edu/HPSG/2004/yatabe.pdf},
  pages     = {335--355},
}

@inproceedings{beermann-hellan:2004,
  author    = {Beermann, Dorothee and Hellan, Lars},
  title     = {A treatment of directionals in implemented HPSG Grammars},
  booktitle = {{Proceedings of the 11th International Conference on Head-Driven Phrase Structure Grammar, Center for Computational Linguistics, Katholieke Universiteit Leuven}},
  editor    = {M{\"u}ller, Stefan},
  OPTissn   = {15351793},
  url       = {http://cslipublications.stanford.edu/HPSG/2004/beermann-hellan.pdf},
  publisher = {CSLI Publications},
  address   = {Stanford, CA},
  pages     = {357--377},
  year      = {2004},
}

@inproceedings{beermann-hellan:2004-cr,
  crossref  = {Mueller2004a-ed},
  author    = {Beermann, Dorothee and Hellan, Lars},
  title     = {A treatment of directionals in implemented HPSG Grammars},
  url       = {http://cslipublications.stanford.edu/HPSG/2004/beermann-hellan.pdf},
  pages     = {357--377},
}

@inproceedings{crysmann:2004,
  author    = {Crysmann, Berthold},
  title     = {Underspecification of Intersective Modifier Attachment: Some Arguments from German},
  booktitle = {{Proceedings of the 11th International Conference on Head-Driven Phrase Structure Grammar, Center for Computational Linguistics, Katholieke Universiteit Leuven}},
  editor    = {M{\"u}ller, Stefan},
  OPTissn   = {15351793},
  url       = {http://cslipublications.stanford.edu/HPSG/2004/crysmann.pdf},
  publisher = {CSLI Publications},
  address   = {Stanford, CA},
  pages     = {378--392},
  year      = {2004},
}

@inproceedings{crysmann:2004-cr,
  crossref  = {Mueller2004a-ed},
  author    = {Crysmann, Berthold},
  title     = {Underspecification of Intersective Modifier Attachment: Some Arguments from German},
  url       = {http://cslipublications.stanford.edu/HPSG/2004/crysmann.pdf},
  pages     = {378--392},
}

@inproceedings{fsdks:2004,
  author    = {Frank, Anette and Spreyer, Kathrin and Dro\.zd\.zy\'nski, Witold and Krieger, Hans-Ulrich and Sch\"{a}fer, Ulrich},
  title     = {Constraint-Based RMRS Construction from Shallow Grammars},
  booktitle = {{Proceedings of the 11th International Conference on Head-Driven Phrase Structure Grammar, Center for Computational Linguistics, Katholieke Universiteit Leuven}},
  editor    = {M{\"u}ller, Stefan},
  OPTissn   = {15351793},
  url       = {http://cslipublications.stanford.edu/HPSG/2004/fsdks.pdf},
  publisher = {CSLI Publications},
  address   = {Stanford, CA},
  pages     = {393--413},
  year      = {2004},
}

@inproceedings{fsdks:2004-cr,
  crossref  = {Mueller2004a-ed},
  author    = {Frank, Anette and Spreyer, Kathrin and Dro\.zd\.zy\'nski, Witold and Krieger, Hans-Ulrich and Sch\"{a}fer, Ulrich},
  title     = {Constraint-Based RMRS Construction from Shallow Grammars},
  url       = {http://cslipublications.stanford.edu/HPSG/2004/fsdks.pdf},
  pages     = {393--413},
}

@inproceedings{haugereid:2004,
  author    = {Haugereid, Petter},
  title     = {Linking in Constructions},
  booktitle = {{Proceedings of the 11th International Conference on Head-Driven Phrase Structure Grammar, Center for Computational Linguistics, Katholieke Universiteit Leuven}},
  editor    = {M{\"u}ller, Stefan},
  OPTissn   = {15351793},
  url       = {http://cslipublications.stanford.edu/HPSG/2004/haugereid.pdf},
  publisher = {CSLI Publications},
  address   = {Stanford, CA},
  pages     = {414--422},
  year      = {2004},
}

@inproceedings{haugereid:2004-cr,
  crossref  = {Mueller2004a-ed},
  author    = {Haugereid, Petter},
  title     = {Linking in Constructions},
  url       = {http://cslipublications.stanford.edu/HPSG/2004/haugereid.pdf},
  pages     = {414--422},
}

@inproceedings{penn-richter:2004,
  author    = {Penn, Gerald and Richter, Frank},
  title     = {Lexical Resource Semantics: From Theory to Implementation},
  booktitle = {{Proceedings of the 11th International Conference on Head-Driven Phrase Structure Grammar, Center for Computational Linguistics, Katholieke Universiteit Leuven}},
  editor    = {M{\"u}ller, Stefan},
  OPTissn   = {15351793},
  url       = {http://cslipublications.stanford.edu/HPSG/2004/penn-richter.pdf},
  publisher = {CSLI Publications},
  address   = {Stanford, CA},
  pages     = {423--443},
  year      = {2004},
}

@inproceedings{penn-richter:2004-cr,
  crossref  = {Mueller2004a-ed},
  author    = {Penn, Gerald and Richter, Frank},
  title     = {Lexical Resource Semantics: From Theory to Implementation},
  url       = {http://cslipublications.stanford.edu/HPSG/2004/penn-richter.pdf},
  pages     = {423--443},
}

@inproceedings{soegaard:2004,
  author    = {S{\o}gaard, Anders},
  title     = {A Compound Matrix},
  booktitle = {{Proceedings of the 11th International Conference on Head-Driven Phrase Structure Grammar, Center for Computational Linguistics, Katholieke Universiteit Leuven}},
  editor    = {M{\"u}ller, Stefan},
  OPTissn   = {15351793},
  url       = {http://cslipublications.stanford.edu/HPSG/2004/soegaard.pdf},
  publisher = {CSLI Publications},
  address   = {Stanford, CA},
  pages     = {444--456},
  year      = {2004},
}

@inproceedings{soegaard:2004-cr,
  crossref  = {Mueller2004a-ed},
  author    = {S{\o}gaard, Anders},
  title     = {A Compound Matrix},
  url       = {http://cslipublications.stanford.edu/HPSG/2004/soegaard.pdf},
  pages     = {444--456},
}

