@inproceedings{koenig-davis:2004,
  author    = {Koenig, Jean-Pierre and Davis, Anthony R.},
  title     = {Raising Doubts about Russian Impersonals},
  booktitle = {{Proceedings of the 11th International Conference on Head-Driven Phrase Structure Grammar, Center for Computational Linguistics, Katholieke Universiteit Leuven}},
  editor    = {M{\"u}ller, Stefan},
  OPTissn   = {15351793},
  url       = {http://cslipublications.stanford.edu/HPSG/2004/koenig-davis.pdf},
  publisher = {CSLI Publications},
  address   = {Stanford, CA},
  pages     = {140--150},
  year      = {2004},
}

@inproceedings{koenig-davis:2004-cr,
  crossref  = {Mueller2004a-ed},
  author    = {Koenig, Jean-Pierre and Davis, Anthony R.},
  title     = {Raising Doubts about Russian Impersonals},
  url       = {http://cslipublications.stanford.edu/HPSG/2004/koenig-davis.pdf},
  pages     = {140--150},
}

@proceedings{Mueller2004a-ed,
  editor    = {M{\"u}ller, Stefan},
  title     = {{Proceedings of the 11th International Conference on Head-Driven Phrase Structure Grammar, Center for Computational Linguistics, Katholieke Universiteit Leuven}},
  booktitle = {{Proceedings of the 11th International Conference on Head-Driven Phrase Structure Grammar, Center for Computational Linguistics, Katholieke Universiteit Leuven}},
  publisher = {CSLI Publications},
  address   = {Stanford, CA},
  OPTissn   = {15351793},
  url       = {http://cslipublications.stanford.edu/HPSG/2004/},
  year      = {2004},
}

