@inproceedings{kordoni:2004,
  author    = {Kordoni, Valia},
  title     = {Between Shifts and Alternations: Ditransitive Constructions},
  booktitle = {{Proceedings of the 11th International Conference on Head-Driven Phrase Structure Grammar, Center for Computational Linguistics, Katholieke Universiteit Leuven}},
  editor    = {M{\"u}ller, Stefan},
  OPTissn   = {15351793},
  url       = {http://cslipublications.stanford.edu/HPSG/2004/kordoni.pdf},
  publisher = {CSLI Publications},
  address   = {Stanford, CA},
  pages     = {151--167},
  year      = {2004},
}

@inproceedings{kordoni:2004-cr,
  crossref  = {Mueller2004a-ed},
  author    = {Kordoni, Valia},
  title     = {Between Shifts and Alternations: Ditransitive Constructions},
  url       = {http://cslipublications.stanford.edu/HPSG/2004/kordoni.pdf},
  pages     = {151--167},
}

@proceedings{Mueller2004a-ed,
  editor    = {M{\"u}ller, Stefan},
  title     = {{Proceedings of the 11th International Conference on Head-Driven Phrase Structure Grammar, Center for Computational Linguistics, Katholieke Universiteit Leuven}},
  booktitle = {{Proceedings of the 11th International Conference on Head-Driven Phrase Structure Grammar, Center for Computational Linguistics, Katholieke Universiteit Leuven}},
  publisher = {CSLI Publications},
  address   = {Stanford, CA},
  OPTissn   = {15351793},
  url       = {http://cslipublications.stanford.edu/HPSG/2004/},
  year      = {2004},
}

