@inproceedings{maekawa:2004,
  author    = {Maekawa, Takafumi},
  title     = {Constituency, Word Order and Focus Projection},
  booktitle = {{Proceedings of the 11th International Conference on Head-Driven Phrase Structure Grammar, Center for Computational Linguistics, Katholieke Universiteit Leuven}},
  editor    = {M{\"u}ller, Stefan},
  OPTissn   = {15351793},
  url       = {http://cslipublications.stanford.edu/HPSG/2004/maekawa.pdf},
  publisher = {CSLI Publications},
  address   = {Stanford, CA},
  pages     = {168--188},
  year      = {2004},
}

@inproceedings{maekawa:2004-cr,
  crossref  = {Mueller2004a-ed},
  author    = {Maekawa, Takafumi},
  title     = {Constituency, Word Order and Focus Projection},
  url       = {http://cslipublications.stanford.edu/HPSG/2004/maekawa.pdf},
  pages     = {168--188},
}

@proceedings{Mueller2004a-ed,
  editor    = {M{\"u}ller, Stefan},
  title     = {{Proceedings of the 11th International Conference on Head-Driven Phrase Structure Grammar, Center for Computational Linguistics, Katholieke Universiteit Leuven}},
  booktitle = {{Proceedings of the 11th International Conference on Head-Driven Phrase Structure Grammar, Center for Computational Linguistics, Katholieke Universiteit Leuven}},
  publisher = {CSLI Publications},
  address   = {Stanford, CA},
  OPTissn   = {15351793},
  url       = {http://cslipublications.stanford.edu/HPSG/2004/},
  year      = {2004},
}

