@inproceedings{marshall-safar:2004,
  author    = {Marshall, Ian and Safar,  Eva},
  title     = {Sign Language Generation in an ALE HPSG},
  booktitle = {{Proceedings of the 11th International Conference on Head-Driven Phrase Structure Grammar, Center for Computational Linguistics, Katholieke Universiteit Leuven}},
  editor    = {M{\"u}ller, Stefan},
  OPTissn   = {15351793},
  url       = {http://cslipublications.stanford.edu/HPSG/2004/marshall-safar.pdf},
  publisher = {CSLI Publications},
  address   = {Stanford, CA},
  pages     = {189--201},
  year      = {2004},
}

@inproceedings{marshall-safar:2004-cr,
  crossref  = {Mueller2004a-ed},
  author    = {Marshall, Ian and Safar,  Eva},
  title     = {Sign Language Generation in an ALE HPSG},
  url       = {http://cslipublications.stanford.edu/HPSG/2004/marshall-safar.pdf},
  pages     = {189--201},
}

@proceedings{Mueller2004a-ed,
  editor    = {M{\"u}ller, Stefan},
  title     = {{Proceedings of the 11th International Conference on Head-Driven Phrase Structure Grammar, Center for Computational Linguistics, Katholieke Universiteit Leuven}},
  booktitle = {{Proceedings of the 11th International Conference on Head-Driven Phrase Structure Grammar, Center for Computational Linguistics, Katholieke Universiteit Leuven}},
  publisher = {CSLI Publications},
  address   = {Stanford, CA},
  OPTissn   = {15351793},
  url       = {http://cslipublications.stanford.edu/HPSG/2004/},
  year      = {2004},
}

