@inproceedings{penn-richter:2004,
  author    = {Penn, Gerald and Richter, Frank},
  title     = {Lexical Resource Semantics: From Theory to Implementation},
  booktitle = {{Proceedings of the 11th International Conference on Head-Driven Phrase Structure Grammar, Center for Computational Linguistics, Katholieke Universiteit Leuven}},
  editor    = {M{\"u}ller, Stefan},
  OPTissn   = {15351793},
  url       = {http://cslipublications.stanford.edu/HPSG/2004/penn-richter.pdf},
  publisher = {CSLI Publications},
  address   = {Stanford, CA},
  pages     = {423--443},
  year      = {2004},
}

@inproceedings{penn-richter:2004-cr,
  crossref  = {Mueller2004a-ed},
  author    = {Penn, Gerald and Richter, Frank},
  title     = {Lexical Resource Semantics: From Theory to Implementation},
  url       = {http://cslipublications.stanford.edu/HPSG/2004/penn-richter.pdf},
  pages     = {423--443},
}

@proceedings{Mueller2004a-ed,
  editor    = {M{\"u}ller, Stefan},
  title     = {{Proceedings of the 11th International Conference on Head-Driven Phrase Structure Grammar, Center for Computational Linguistics, Katholieke Universiteit Leuven}},
  booktitle = {{Proceedings of the 11th International Conference on Head-Driven Phrase Structure Grammar, Center for Computational Linguistics, Katholieke Universiteit Leuven}},
  publisher = {CSLI Publications},
  address   = {Stanford, CA},
  OPTissn   = {15351793},
  url       = {http://cslipublications.stanford.edu/HPSG/2004/},
  year      = {2004},
}

