@inproceedings{sailer:2004,
  author    = {Sailer, Manfred},
  title     = {Propositional Relative Clauses in German},
  booktitle = {{Proceedings of the 11th International Conference on Head-Driven Phrase Structure Grammar, Center for Computational Linguistics, Katholieke Universiteit Leuven}},
  editor    = {M{\"u}ller, Stefan},
  OPTissn   = {15351793},
  url       = {http://cslipublications.stanford.edu/HPSG/2004/sailer.pdf},
  publisher = {CSLI Publications},
  address   = {Stanford, CA},
  pages     = {223--243},
  year      = {2004},
}

@inproceedings{sailer:2004-cr,
  crossref  = {Mueller2004a-ed},
  author    = {Sailer, Manfred},
  title     = {Propositional Relative Clauses in German},
  url       = {http://cslipublications.stanford.edu/HPSG/2004/sailer.pdf},
  pages     = {223--243},
}

@proceedings{Mueller2004a-ed,
  editor    = {M{\"u}ller, Stefan},
  title     = {{Proceedings of the 11th International Conference on Head-Driven Phrase Structure Grammar, Center for Computational Linguistics, Katholieke Universiteit Leuven}},
  booktitle = {{Proceedings of the 11th International Conference on Head-Driven Phrase Structure Grammar, Center for Computational Linguistics, Katholieke Universiteit Leuven}},
  publisher = {CSLI Publications},
  address   = {Stanford, CA},
  OPTissn   = {15351793},
  url       = {http://cslipublications.stanford.edu/HPSG/2004/},
  year      = {2004},
}

