@inproceedings{siegel-bender:2004,
  author    = {Siegel, Melanie and Bender, Emily M.},
  title     = {Head-Initial Constructions in Japanese},
  booktitle = {{Proceedings of the 11th International Conference on Head-Driven Phrase Structure Grammar, Center for Computational Linguistics, Katholieke Universiteit Leuven}},
  editor    = {M{\"u}ller, Stefan},
  OPTissn   = {15351793},
  url       = {http://cslipublications.stanford.edu/HPSG/2004/siegel-bender.pdf},
  publisher = {CSLI Publications},
  address   = {Stanford, CA},
  pages     = {244--260},
  year      = {2004},
}

@inproceedings{siegel-bender:2004-cr,
  crossref  = {Mueller2004a-ed},
  author    = {Siegel, Melanie and Bender, Emily M.},
  title     = {Head-Initial Constructions in Japanese},
  url       = {http://cslipublications.stanford.edu/HPSG/2004/siegel-bender.pdf},
  pages     = {244--260},
}

@proceedings{Mueller2004a-ed,
  editor    = {M{\"u}ller, Stefan},
  title     = {{Proceedings of the 11th International Conference on Head-Driven Phrase Structure Grammar, Center for Computational Linguistics, Katholieke Universiteit Leuven}},
  booktitle = {{Proceedings of the 11th International Conference on Head-Driven Phrase Structure Grammar, Center for Computational Linguistics, Katholieke Universiteit Leuven}},
  publisher = {CSLI Publications},
  address   = {Stanford, CA},
  OPTissn   = {15351793},
  url       = {http://cslipublications.stanford.edu/HPSG/2004/},
  year      = {2004},
}

