@inproceedings{soegaard:2004,
  author    = {S{\o}gaard, Anders},
  title     = {A Compound Matrix},
  booktitle = {{Proceedings of the 11th International Conference on Head-Driven Phrase Structure Grammar, Center for Computational Linguistics, Katholieke Universiteit Leuven}},
  editor    = {M{\"u}ller, Stefan},
  OPTissn   = {15351793},
  url       = {http://cslipublications.stanford.edu/HPSG/2004/soegaard.pdf},
  publisher = {CSLI Publications},
  address   = {Stanford, CA},
  pages     = {444--456},
  year      = {2004},
}

@inproceedings{soegaard:2004-cr,
  crossref  = {Mueller2004a-ed},
  author    = {S{\o}gaard, Anders},
  title     = {A Compound Matrix},
  url       = {http://cslipublications.stanford.edu/HPSG/2004/soegaard.pdf},
  pages     = {444--456},
}

@proceedings{Mueller2004a-ed,
  editor    = {M{\"u}ller, Stefan},
  title     = {{Proceedings of the 11th International Conference on Head-Driven Phrase Structure Grammar, Center for Computational Linguistics, Katholieke Universiteit Leuven}},
  booktitle = {{Proceedings of the 11th International Conference on Head-Driven Phrase Structure Grammar, Center for Computational Linguistics, Katholieke Universiteit Leuven}},
  publisher = {CSLI Publications},
  address   = {Stanford, CA},
  OPTissn   = {15351793},
  url       = {http://cslipublications.stanford.edu/HPSG/2004/},
  year      = {2004},
}

