@inproceedings{soehn:2004,
  author    = {Soehn, Jan-Philipp},
  title     = {License to Coll: How to Bind Bound Words and Readings to their Contexts},
  booktitle = {{Proceedings of the 11th International Conference on Head-Driven Phrase Structure Grammar, Center for Computational Linguistics, Katholieke Universiteit Leuven}},
  editor    = {M{\"u}ller, Stefan},
  OPTissn   = {15351793},
  url       = {http://cslipublications.stanford.edu/HPSG/2004/soehn.pdf},
  publisher = {CSLI Publications},
  address   = {Stanford, CA},
  pages     = {261--273},
  year      = {2004},
}

@inproceedings{soehn:2004-cr,
  crossref  = {Mueller2004a-ed},
  author    = {Soehn, Jan-Philipp},
  title     = {License to Coll: How to Bind Bound Words and Readings to their Contexts},
  url       = {http://cslipublications.stanford.edu/HPSG/2004/soehn.pdf},
  pages     = {261--273},
}

@proceedings{Mueller2004a-ed,
  editor    = {M{\"u}ller, Stefan},
  title     = {{Proceedings of the 11th International Conference on Head-Driven Phrase Structure Grammar, Center for Computational Linguistics, Katholieke Universiteit Leuven}},
  booktitle = {{Proceedings of the 11th International Conference on Head-Driven Phrase Structure Grammar, Center for Computational Linguistics, Katholieke Universiteit Leuven}},
  publisher = {CSLI Publications},
  address   = {Stanford, CA},
  OPTissn   = {15351793},
  url       = {http://cslipublications.stanford.edu/HPSG/2004/},
  year      = {2004},
}

