@inproceedings{trawinski:2004,
  author    = {Trawinski, Beata},
  title     = {Towards Licensing of Adverbial Noun Phrases in HPSG},
  booktitle = {{Proceedings of the 11th International Conference on Head-Driven Phrase Structure Grammar, Center for Computational Linguistics, Katholieke Universiteit Leuven}},
  editor    = {M{\"u}ller, Stefan},
  OPTissn   = {15351793},
  url       = {http://cslipublications.stanford.edu/HPSG/2004/trawinski.pdf},
  publisher = {CSLI Publications},
  address   = {Stanford, CA},
  pages     = {294--312},
  year      = {2004},
}

@inproceedings{trawinski:2004-cr,
  crossref  = {Mueller2004a-ed},
  author    = {Trawinski, Beata},
  title     = {Towards Licensing of Adverbial Noun Phrases in HPSG},
  url       = {http://cslipublications.stanford.edu/HPSG/2004/trawinski.pdf},
  pages     = {294--312},
}

@proceedings{Mueller2004a-ed,
  editor    = {M{\"u}ller, Stefan},
  title     = {{Proceedings of the 11th International Conference on Head-Driven Phrase Structure Grammar, Center for Computational Linguistics, Katholieke Universiteit Leuven}},
  booktitle = {{Proceedings of the 11th International Conference on Head-Driven Phrase Structure Grammar, Center for Computational Linguistics, Katholieke Universiteit Leuven}},
  publisher = {CSLI Publications},
  address   = {Stanford, CA},
  OPTissn   = {15351793},
  url       = {http://cslipublications.stanford.edu/HPSG/2004/},
  year      = {2004},
}

