@inproceedings{vaneynde:2004,
  author    = {Van Eynde, Frank},
  title     = {Pied Piping is a Local Dependency},
  booktitle = {{Proceedings of the 11th International Conference on Head-Driven Phrase Structure Grammar, Center for Computational Linguistics, Katholieke Universiteit Leuven}},
  editor    = {M{\"u}ller, Stefan},
  OPTissn   = {15351793},
  url       = {http://cslipublications.stanford.edu/HPSG/2004/vaneynde.pdf},
  publisher = {CSLI Publications},
  address   = {Stanford, CA},
  pages     = {313--334},
  year      = {2004},
}

@inproceedings{vaneynde:2004-cr,
  crossref  = {Mueller2004a-ed},
  author    = {Van Eynde, Frank},
  title     = {Pied Piping is a Local Dependency},
  url       = {http://cslipublications.stanford.edu/HPSG/2004/vaneynde.pdf},
  pages     = {313--334},
}

@proceedings{Mueller2004a-ed,
  editor    = {M{\"u}ller, Stefan},
  title     = {{Proceedings of the 11th International Conference on Head-Driven Phrase Structure Grammar, Center for Computational Linguistics, Katholieke Universiteit Leuven}},
  booktitle = {{Proceedings of the 11th International Conference on Head-Driven Phrase Structure Grammar, Center for Computational Linguistics, Katholieke Universiteit Leuven}},
  publisher = {CSLI Publications},
  address   = {Stanford, CA},
  OPTissn   = {15351793},
  url       = {http://cslipublications.stanford.edu/HPSG/2004/},
  year      = {2004},
}

