@inproceedings{yatabe:2004,
  author    = {Yatabe, Sh{\^u}ichi},
  title     = {A Comprehensive Theory of Coordination of Unlikes},
  booktitle = {{Proceedings of the 11th International Conference on Head-Driven Phrase Structure Grammar, Center for Computational Linguistics, Katholieke Universiteit Leuven}},
  editor    = {M{\"u}ller, Stefan},
  OPTissn   = {15351793},
  url       = {http://cslipublications.stanford.edu/HPSG/2004/yatabe.pdf},
  publisher = {CSLI Publications},
  address   = {Stanford, CA},
  pages     = {335--355},
  year      = {2004},
}

@inproceedings{yatabe:2004-cr,
  crossref  = {Mueller2004a-ed},
  author    = {Yatabe, Sh{\^u}ichi},
  title     = {A Comprehensive Theory of Coordination of Unlikes},
  url       = {http://cslipublications.stanford.edu/HPSG/2004/yatabe.pdf},
  pages     = {335--355},
}

@proceedings{Mueller2004a-ed,
  editor    = {M{\"u}ller, Stefan},
  title     = {{Proceedings of the 11th International Conference on Head-Driven Phrase Structure Grammar, Center for Computational Linguistics, Katholieke Universiteit Leuven}},
  booktitle = {{Proceedings of the 11th International Conference on Head-Driven Phrase Structure Grammar, Center for Computational Linguistics, Katholieke Universiteit Leuven}},
  publisher = {CSLI Publications},
  address   = {Stanford, CA},
  OPTissn   = {15351793},
  url       = {http://cslipublications.stanford.edu/HPSG/2004/},
  year      = {2004},
}

