@Book{PS87a,
  author      =	{Carl J. Pollard and Ivan A. Sag},
  title	      =	{Information-Based Syntax and Semantics},
  publisher   =	{CSLI Publications},
  address     =	{Stanford},
  series      =	{CSLI Lecture Notes},
  number      =	13,
  year	      =	1987
}

@Book{PS94a,
  author      =	{Carl J. Pollard and Ivan A. Sag},
  title	      =	{{Head-Driven Phrase Structure Grammar}},
  publisher   =	{University of Chicago Press},
  address     =	{Chicago, London},
  series      =	{Studies in Contemporary Linguistics},
  year	      =	1994
}
