@inproceedings{:2018,
  author    = {Sang-Hee Park and Jean-Pierre Koenig and Rui P. Chaves},
  title     = {08.10.2018},
  booktitle = {Proceedings of the 25th International Conference on Head-Driven Phrase Structure Grammar, University of Tokyo},
  editor    = {M{\"u}ller, Stefan},
  OPTissn   = {15351793},
  url       = {http://cslipublications.stanford.edu/HPSG/2018/hpsg2018-.pdf},
  publisher = {CSLI Publications},
  address   = {Stanford, CA},
  pages     = {5--5},
  year      = {2018},
}

@inproceedings{:2018-cr,
  crossref  = {Mueller2018a-ed},
  author    = {Sang-Hee Park and Jean-Pierre Koenig and Rui P. Chaves},
  title     = {08.10.2018},
  url       = {http://cslipublications.stanford.edu/HPSG/2018/hpsg2018-.pdf},
  pages     = {5--5},
}

@proceedings{Mueller2018a-ed,
  editor    = {M{\"u}ller, Stefan},
  title     = {Proceedings of the 25th International Conference on Head-Driven Phrase Structure Grammar, University of Tokyo},
  booktitle = {Proceedings of the 25th International Conference on Head-Driven Phrase Structure Grammar, University of Tokyo},
  publisher = {CSLI Publications},
  address   = {Stanford, CA},
  OPTissn   = {15351793},
  url       = {http://cslipublications.stanford.edu/HPSG/2018/},
  year      = {2018},
}

