@inproceedings{augustinus:2018,
  author    = {Augustinus, Liesbeth},
  title     = {A Construction-based Analysis of Dutch Verb Clusters},
  booktitle = {{Proceedings of the 25th International Conference on Head-Driven Phrase Structure Grammar, University of Tokyo}},
  editor    = {M{\"u}ller, Stefan and Richter, Frank},
  OPTissn   = {15351793},
  url       = {http://cslipublications.stanford.edu/HPSG/2018/hpsg2018-augustinus.pdf},
  publisher = {CSLI Publications},
  address   = {Stanford, CA},
  pages     = {6--19},
  year      = {2018},
}

@inproceedings{augustinus:2018-cr,
  crossref  = {MuellerRichter2018a-ed},
  author    = {Augustinus, Liesbeth},
  title     = {A Construction-based Analysis of Dutch Verb Clusters},
  url       = {http://cslipublications.stanford.edu/HPSG/2018/hpsg2018-augustinus.pdf},
  pages     = {6--19},
}

@proceedings{MuellerRichter2018a-ed,
  editor    = {M{\"u}ller, Stefan and Richter, Frank},
  title     = {{Proceedings of the 25th International Conference on Head-Driven Phrase Structure Grammar, University of Tokyo}},
  booktitle = {{Proceedings of the 25th International Conference on Head-Driven Phrase Structure Grammar, University of Tokyo}},
  publisher = {CSLI Publications},
  address   = {Stanford, CA},
  OPTissn   = {15351793},
  url       = {http://cslipublications.stanford.edu/HPSG/2018/},
  year      = {2018},
}

