@inproceedings{crysmann-kihm:2018,
  author    = {Crysmann, Berthold and Kihm, Alain},
  title     = {Deriving reversal in  Old French nominal inflection},
  booktitle = {{Proceedings of the 25th International Conference on Head-Driven Phrase Structure Grammar, University of Tokyo}},
  editor    = {M{\"u}ller, Stefan and Richter, Frank},
  OPTissn   = {15351793},
  url       = {http://cslipublications.stanford.edu/HPSG/2018/hpsg2018-crysmann-kihm.pdf},
  publisher = {CSLI Publications},
  address   = {Stanford, CA},
  pages     = {20--35},
  year      = {2018},
}

@inproceedings{crysmann-kihm:2018-cr,
  crossref  = {MuellerRichter2018a-ed},
  author    = {Crysmann, Berthold and Kihm, Alain},
  title     = {Deriving reversal in  Old French nominal inflection},
  url       = {http://cslipublications.stanford.edu/HPSG/2018/hpsg2018-crysmann-kihm.pdf},
  pages     = {20--35},
}

@proceedings{MuellerRichter2018a-ed,
  editor    = {M{\"u}ller, Stefan and Richter, Frank},
  title     = {{Proceedings of the 25th International Conference on Head-Driven Phrase Structure Grammar, University of Tokyo}},
  booktitle = {{Proceedings of the 25th International Conference on Head-Driven Phrase Structure Grammar, University of Tokyo}},
  publisher = {CSLI Publications},
  address   = {Stanford, CA},
  OPTissn   = {15351793},
  url       = {http://cslipublications.stanford.edu/HPSG/2018/},
  year      = {2018},
}

