@inproceedings{curtis:2018,
  author    = {Curtis, Christian M.},
  title     = {Valence-changing morphology via lexical rule composition},
  booktitle = {{Proceedings of the 25th International Conference on Head-Driven Phrase Structure Grammar, University of Tokyo}},
  editor    = {M{\"u}ller, Stefan and Richter, Frank},
  OPTissn   = {15351793},
  url       = {http://cslipublications.stanford.edu/HPSG/2018/hpsg2018-curtis.pdf},
  publisher = {CSLI Publications},
  address   = {Stanford, CA},
  pages     = {36--48},
  year      = {2018},
}

@inproceedings{curtis:2018-cr,
  crossref  = {MuellerRichter2018a-ed},
  author    = {Curtis, Christian M.},
  title     = {Valence-changing morphology via lexical rule composition},
  url       = {http://cslipublications.stanford.edu/HPSG/2018/hpsg2018-curtis.pdf},
  pages     = {36--48},
}

@proceedings{MuellerRichter2018a-ed,
  editor    = {M{\"u}ller, Stefan and Richter, Frank},
  title     = {{Proceedings of the 25th International Conference on Head-Driven Phrase Structure Grammar, University of Tokyo}},
  booktitle = {{Proceedings of the 25th International Conference on Head-Driven Phrase Structure Grammar, University of Tokyo}},
  publisher = {CSLI Publications},
  address   = {Stanford, CA},
  OPTissn   = {15351793},
  url       = {http://cslipublications.stanford.edu/HPSG/2018/},
  year      = {2018},
}

