@inproceedings{holler-steinbach:2018,
  author    = {Holler, Anke and Steinbach, Markus},
  title     = {Sign language agreement: A constraint-based perspective},
  booktitle = {{Proceedings of the 25th International Conference on Head-Driven Phrase Structure Grammar, University of Tokyo}},
  editor    = {M{\"u}ller, Stefan and Richter, Frank},
  OPTissn   = {15351793},
  url       = {http://cslipublications.stanford.edu/HPSG/2018/hpsg2018-holler-steinbach.pdf},
  publisher = {CSLI Publications},
  address   = {Stanford, CA},
  pages     = {49--65},
  year      = {2018},
}

@inproceedings{holler-steinbach:2018-cr,
  crossref  = {MuellerRichter2018a-ed},
  author    = {Holler, Anke and Steinbach, Markus},
  title     = {Sign language agreement: A constraint-based perspective},
  url       = {http://cslipublications.stanford.edu/HPSG/2018/hpsg2018-holler-steinbach.pdf},
  pages     = {49--65},
}

@proceedings{MuellerRichter2018a-ed,
  editor    = {M{\"u}ller, Stefan and Richter, Frank},
  title     = {{Proceedings of the 25th International Conference on Head-Driven Phrase Structure Grammar, University of Tokyo}},
  booktitle = {{Proceedings of the 25th International Conference on Head-Driven Phrase Structure Grammar, University of Tokyo}},
  publisher = {CSLI Publications},
  address   = {Stanford, CA},
  OPTissn   = {15351793},
  url       = {http://cslipublications.stanford.edu/HPSG/2018/},
  year      = {2018},
}

