@proceedings{MuellerRichter2018a-ed,
  editor    = {M{\"u}ller, Stefan and Richter, Frank},
  title     = {{Proceedings of the 25th International Conference on Head-Driven Phrase Structure Grammar, University of Tokyo}},
  booktitle = {{Proceedings of the 25th International Conference on Head-Driven Phrase Structure Grammar, University of Tokyo}},
  url       = {http://cslipublications.stanford.edu/HPSG/2018/},
  publisher = {CSLI Publications},
  address   = {Stanford, CA},
  OPTissn   = {15351793},
  year      = {2018},
}

@inproceedings{augustinus:2018,
  author    = {Augustinus, Liesbeth},
  title     = {A Construction-based Analysis of Dutch Verb Clusters},
  booktitle = {{Proceedings of the 25th International Conference on Head-Driven Phrase Structure Grammar, University of Tokyo}},
  editor    = {M{\"u}ller, Stefan and Richter, Frank},
  OPTissn   = {15351793},
  url       = {http://cslipublications.stanford.edu/HPSG/2018/hpsg2018-augustinus.pdf},
  publisher = {CSLI Publications},
  address   = {Stanford, CA},
  pages     = {6--19},
  year      = {2018},
}

@inproceedings{augustinus:2018-cr,
  crossref  = {MuellerRichter2018a-ed},
  author    = {Augustinus, Liesbeth},
  title     = {A Construction-based Analysis of Dutch Verb Clusters},
  url       = {http://cslipublications.stanford.edu/HPSG/2018/hpsg2018-augustinus.pdf},
  pages     = {6--19},
}

@inproceedings{crysmann-kihm:2018,
  author    = {Crysmann, Berthold and Kihm, Alain},
  title     = {Deriving reversal in  Old French nominal inflection},
  booktitle = {{Proceedings of the 25th International Conference on Head-Driven Phrase Structure Grammar, University of Tokyo}},
  editor    = {M{\"u}ller, Stefan and Richter, Frank},
  OPTissn   = {15351793},
  url       = {http://cslipublications.stanford.edu/HPSG/2018/hpsg2018-crysmann-kihm.pdf},
  publisher = {CSLI Publications},
  address   = {Stanford, CA},
  pages     = {20--35},
  year      = {2018},
}

@inproceedings{crysmann-kihm:2018-cr,
  crossref  = {MuellerRichter2018a-ed},
  author    = {Crysmann, Berthold and Kihm, Alain},
  title     = {Deriving reversal in  Old French nominal inflection},
  url       = {http://cslipublications.stanford.edu/HPSG/2018/hpsg2018-crysmann-kihm.pdf},
  pages     = {20--35},
}

@inproceedings{curtis:2018,
  author    = {Curtis, Christian M.},
  title     = {Valence-changing morphology via lexical rule composition},
  booktitle = {{Proceedings of the 25th International Conference on Head-Driven Phrase Structure Grammar, University of Tokyo}},
  editor    = {M{\"u}ller, Stefan and Richter, Frank},
  OPTissn   = {15351793},
  url       = {http://cslipublications.stanford.edu/HPSG/2018/hpsg2018-curtis.pdf},
  publisher = {CSLI Publications},
  address   = {Stanford, CA},
  pages     = {36--48},
  year      = {2018},
}

@inproceedings{curtis:2018-cr,
  crossref  = {MuellerRichter2018a-ed},
  author    = {Curtis, Christian M.},
  title     = {Valence-changing morphology via lexical rule composition},
  url       = {http://cslipublications.stanford.edu/HPSG/2018/hpsg2018-curtis.pdf},
  pages     = {36--48},
}

@inproceedings{holler-steinbach:2018,
  author    = {Holler, Anke and Steinbach, Markus},
  title     = {Sign language agreement: A constraint-based perspective},
  booktitle = {{Proceedings of the 25th International Conference on Head-Driven Phrase Structure Grammar, University of Tokyo}},
  editor    = {M{\"u}ller, Stefan and Richter, Frank},
  OPTissn   = {15351793},
  url       = {http://cslipublications.stanford.edu/HPSG/2018/hpsg2018-holler-steinbach.pdf},
  publisher = {CSLI Publications},
  address   = {Stanford, CA},
  pages     = {49--65},
  year      = {2018},
}

@inproceedings{holler-steinbach:2018-cr,
  crossref  = {MuellerRichter2018a-ed},
  author    = {Holler, Anke and Steinbach, Markus},
  title     = {Sign language agreement: A constraint-based perspective},
  url       = {http://cslipublications.stanford.edu/HPSG/2018/hpsg2018-holler-steinbach.pdf},
  pages     = {49--65},
}

@inproceedings{hzb:2018,
  author    = {Howell, Kristen and Zamaraeva, Olga and Bender, Emily M.},
  title     = {Nominalized Clauses in the Grammar Matrix},
  booktitle = {{Proceedings of the 25th International Conference on Head-Driven Phrase Structure Grammar, University of Tokyo}},
  editor    = {M{\"u}ller, Stefan and Richter, Frank},
  OPTissn   = {15351793},
  url       = {http://cslipublications.stanford.edu/HPSG/2018/hpsg2018-hzb.pdf},
  publisher = {CSLI Publications},
  address   = {Stanford, CA},
  pages     = {66--86},
  year      = {2018},
}

@inproceedings{hzb:2018-cr,
  crossref  = {MuellerRichter2018a-ed},
  author    = {Howell, Kristen and Zamaraeva, Olga and Bender, Emily M.},
  title     = {Nominalized Clauses in the Grammar Matrix},
  url       = {http://cslipublications.stanford.edu/HPSG/2018/hpsg2018-hzb.pdf},
  pages     = {66--86},
}

@inproceedings{lahm:2018,
  author    = {Lahm, David},
  title     = {Plural in Lexical Resource
Semantics},
  booktitle = {{Proceedings of the 25th International Conference on Head-Driven Phrase Structure Grammar, University of Tokyo}},
  editor    = {M{\"u}ller, Stefan and Richter, Frank},
  OPTissn   = {15351793},
  url       = {http://cslipublications.stanford.edu/HPSG/2018/hpsg2018-lahm.pdf},
  publisher = {CSLI Publications},
  address   = {Stanford, CA},
  pages     = {87--107},
  year      = {2018},
}

@inproceedings{lahm:2018-cr,
  crossref  = {MuellerRichter2018a-ed},
  author    = {Lahm, David},
  title     = {Plural in Lexical Resource
Semantics},
  url       = {http://cslipublications.stanford.edu/HPSG/2018/hpsg2018-lahm.pdf},
  pages     = {87--107},
}

@inproceedings{melnik:2018,
  author    = {Melnik, Nurit},
  title     = {Symmetry and asymmetry in the Hebrew copula construction},
  booktitle = {{Proceedings of the 25th International Conference on Head-Driven Phrase Structure Grammar, University of Tokyo}},
  editor    = {M{\"u}ller, Stefan and Richter, Frank},
  OPTissn   = {15351793},
  url       = {http://cslipublications.stanford.edu/HPSG/2018/hpsg2018-melnik.pdf},
  publisher = {CSLI Publications},
  address   = {Stanford, CA},
  pages     = {108--126},
  year      = {2018},
}

@inproceedings{melnik:2018-cr,
  crossref  = {MuellerRichter2018a-ed},
  author    = {Melnik, Nurit},
  title     = {Symmetry and asymmetry in the Hebrew copula construction},
  url       = {http://cslipublications.stanford.edu/HPSG/2018/hpsg2018-melnik.pdf},
  pages     = {108--126},
}

@inproceedings{moeljadi-bond:2018,
  author    = {Moeljadi, David and Bond, Francis},
  title     = {HPSG Analysis and Computational Implementation of Indonesian Passives},
  booktitle = {{Proceedings of the 25th International Conference on Head-Driven Phrase Structure Grammar, University of Tokyo}},
  editor    = {M{\"u}ller, Stefan and Richter, Frank},
  OPTissn   = {15351793},
  url       = {http://cslipublications.stanford.edu/HPSG/2018/hpsg2018-moeljadi-bond.pdf},
  publisher = {CSLI Publications},
  address   = {Stanford, CA},
  pages     = {127--137},
  year      = {2018},
}

@inproceedings{moeljadi-bond:2018-cr,
  crossref  = {MuellerRichter2018a-ed},
  author    = {Moeljadi, David and Bond, Francis},
  title     = {HPSG Analysis and Computational Implementation of Indonesian Passives},
  url       = {http://cslipublications.stanford.edu/HPSG/2018/hpsg2018-moeljadi-bond.pdf},
  pages     = {127--137},
}

@inproceedings{nielsen-bender:2018,
  author    = {Nielsen, Elizabeth and Bender, Emily M.},
  title     = {Modeling Adnominal Possession in Multilingual Grammar Engineering},
  booktitle = {{Proceedings of the 25th International Conference on Head-Driven Phrase Structure Grammar, University of Tokyo}},
  editor    = {M{\"u}ller, Stefan and Richter, Frank},
  OPTissn   = {15351793},
  url       = {http://cslipublications.stanford.edu/HPSG/2018/hpsg2018-nielsen-bender.pdf},
  publisher = {CSLI Publications},
  address   = {Stanford, CA},
  pages     = {138--151},
  year      = {2018},
}

@inproceedings{nielsen-bender:2018-cr,
  crossref  = {MuellerRichter2018a-ed},
  author    = {Nielsen, Elizabeth and Bender, Emily M.},
  title     = {Modeling Adnominal Possession in Multilingual Grammar Engineering},
  url       = {http://cslipublications.stanford.edu/HPSG/2018/hpsg2018-nielsen-bender.pdf},
  pages     = {138--151},
}

@inproceedings{machicaoypriemer-fritz-huechante:2018,
  author    = {Machicao y Priemer, Antonio and Fritz-Huechante, Paola},
  title     = {Korean and Spanish psych-verbs: Interaction of case, theta-roles, linearization, and event structure in HPSG},
  booktitle = {{Proceedings of the 25th International Conference on Head-Driven Phrase Structure Grammar, University of Tokyo}},
  editor    = {M{\"u}ller, Stefan and Richter, Frank},
  OPTissn   = {15351793},
  url       = {http://cslipublications.stanford.edu/HPSG/2018/hpsg2018-machicaoypriemer-fritz-huechante.pdf},
  publisher = {CSLI Publications},
  address   = {Stanford, CA},
  pages     = {153--173},
  year      = {2018},
}

@inproceedings{machicaoypriemer-fritz-huechante:2018-cr,
  crossref  = {MuellerRichter2018a-ed},
  author    = {Machicao y Priemer, Antonio and Fritz-Huechante, Paola},
  title     = {Korean and Spanish psych-verbs: Interaction of case, theta-roles, linearization, and event structure in HPSG},
  url       = {http://cslipublications.stanford.edu/HPSG/2018/hpsg2018-machicaoypriemer-fritz-huechante.pdf},
  pages     = {153--173},
}

@inproceedings{yatabe-tanigawa:2018,
  author    = {Yatabe, Sh{\^u}ichi and Tanigawa, Kei},
  title     = {The fine structure of clausal right-node raising constructions in Japanese},
  booktitle = {{Proceedings of the 25th International Conference on Head-Driven Phrase Structure Grammar, University of Tokyo}},
  editor    = {M{\"u}ller, Stefan and Richter, Frank},
  OPTissn   = {15351793},
  url       = {http://cslipublications.stanford.edu/HPSG/2018/hpsg2018-yatabe-tanigawa.pdf},
  publisher = {CSLI Publications},
  address   = {Stanford, CA},
  pages     = {174--194},
  year      = {2018},
}

@inproceedings{yatabe-tanigawa:2018-cr,
  crossref  = {MuellerRichter2018a-ed},
  author    = {Yatabe, Sh{\^u}ichi and Tanigawa, Kei},
  title     = {The fine structure of clausal right-node raising constructions in Japanese},
  url       = {http://cslipublications.stanford.edu/HPSG/2018/hpsg2018-yatabe-tanigawa.pdf},
  pages     = {174--194},
}

