@inproceedings{hzb:2018,
  author    = {Howell, Kristen and Zamaraeva, Olga and Bender, Emily M.},
  title     = {Nominalized Clauses in the Grammar Matrix},
  booktitle = {{Proceedings of the 25th International Conference on Head-Driven Phrase Structure Grammar, University of Tokyo}},
  editor    = {M{\"u}ller, Stefan and Richter, Frank},
  OPTissn   = {15351793},
  url       = {http://cslipublications.stanford.edu/HPSG/2018/hpsg2018-hzb.pdf},
  publisher = {CSLI Publications},
  address   = {Stanford, CA},
  pages     = {66--86},
  year      = {2018},
}

@inproceedings{hzb:2018-cr,
  crossref  = {MuellerRichter2018a-ed},
  author    = {Howell, Kristen and Zamaraeva, Olga and Bender, Emily M.},
  title     = {Nominalized Clauses in the Grammar Matrix},
  url       = {http://cslipublications.stanford.edu/HPSG/2018/hpsg2018-hzb.pdf},
  pages     = {66--86},
}

@proceedings{MuellerRichter2018a-ed,
  editor    = {M{\"u}ller, Stefan and Richter, Frank},
  title     = {{Proceedings of the 25th International Conference on Head-Driven Phrase Structure Grammar, University of Tokyo}},
  booktitle = {{Proceedings of the 25th International Conference on Head-Driven Phrase Structure Grammar, University of Tokyo}},
  publisher = {CSLI Publications},
  address   = {Stanford, CA},
  OPTissn   = {15351793},
  url       = {http://cslipublications.stanford.edu/HPSG/2018/},
  year      = {2018},
}

