@inproceedings{lahm:2018,
  author    = {Lahm, David},
  title     = {Plural in Lexical Resource
Semantics},
  booktitle = {{Proceedings of the 25th International Conference on Head-Driven Phrase Structure Grammar, University of Tokyo}},
  editor    = {M{\"u}ller, Stefan and Richter, Frank},
  OPTissn   = {15351793},
  url       = {http://cslipublications.stanford.edu/HPSG/2018/hpsg2018-lahm.pdf},
  publisher = {CSLI Publications},
  address   = {Stanford, CA},
  pages     = {87--107},
  year      = {2018},
}

@inproceedings{lahm:2018-cr,
  crossref  = {MuellerRichter2018a-ed},
  author    = {Lahm, David},
  title     = {Plural in Lexical Resource
Semantics},
  url       = {http://cslipublications.stanford.edu/HPSG/2018/hpsg2018-lahm.pdf},
  pages     = {87--107},
}

@proceedings{MuellerRichter2018a-ed,
  editor    = {M{\"u}ller, Stefan and Richter, Frank},
  title     = {{Proceedings of the 25th International Conference on Head-Driven Phrase Structure Grammar, University of Tokyo}},
  booktitle = {{Proceedings of the 25th International Conference on Head-Driven Phrase Structure Grammar, University of Tokyo}},
  publisher = {CSLI Publications},
  address   = {Stanford, CA},
  OPTissn   = {15351793},
  url       = {http://cslipublications.stanford.edu/HPSG/2018/},
  year      = {2018},
}

