@inproceedings{machicaoypriemer-fritz-huechante:2018,
  author    = {Machicao y Priemer, Antonio and Fritz-Huechante, Paola},
  title     = {Korean and Spanish psych-verbs: Interaction of case, theta-roles, linearization, and event structure in HPSG},
  booktitle = {{Proceedings of the 25th International Conference on Head-Driven Phrase Structure Grammar, University of Tokyo}},
  editor    = {M{\"u}ller, Stefan and Richter, Frank},
  OPTissn   = {15351793},
  url       = {http://cslipublications.stanford.edu/HPSG/2018/hpsg2018-machicaoypriemer-fritz-huechante.pdf},
  publisher = {CSLI Publications},
  address   = {Stanford, CA},
  pages     = {153--173},
  year      = {2018},
}

@inproceedings{machicaoypriemer-fritz-huechante:2018-cr,
  crossref  = {MuellerRichter2018a-ed},
  author    = {Machicao y Priemer, Antonio and Fritz-Huechante, Paola},
  title     = {Korean and Spanish psych-verbs: Interaction of case, theta-roles, linearization, and event structure in HPSG},
  url       = {http://cslipublications.stanford.edu/HPSG/2018/hpsg2018-machicaoypriemer-fritz-huechante.pdf},
  pages     = {153--173},
}

@proceedings{MuellerRichter2018a-ed,
  editor    = {M{\"u}ller, Stefan and Richter, Frank},
  title     = {{Proceedings of the 25th International Conference on Head-Driven Phrase Structure Grammar, University of Tokyo}},
  booktitle = {{Proceedings of the 25th International Conference on Head-Driven Phrase Structure Grammar, University of Tokyo}},
  publisher = {CSLI Publications},
  address   = {Stanford, CA},
  OPTissn   = {15351793},
  url       = {http://cslipublications.stanford.edu/HPSG/2018/},
  year      = {2018},
}

