@inproceedings{melnik:2018,
  author    = {Melnik, Nurit},
  title     = {Symmetry and asymmetry in the Hebrew copula construction},
  booktitle = {{Proceedings of the 25th International Conference on Head-Driven Phrase Structure Grammar, University of Tokyo}},
  editor    = {M{\"u}ller, Stefan and Richter, Frank},
  OPTissn   = {15351793},
  url       = {http://cslipublications.stanford.edu/HPSG/2018/hpsg2018-melnik.pdf},
  publisher = {CSLI Publications},
  address   = {Stanford, CA},
  pages     = {108--126},
  year      = {2018},
}

@inproceedings{melnik:2018-cr,
  crossref  = {MuellerRichter2018a-ed},
  author    = {Melnik, Nurit},
  title     = {Symmetry and asymmetry in the Hebrew copula construction},
  url       = {http://cslipublications.stanford.edu/HPSG/2018/hpsg2018-melnik.pdf},
  pages     = {108--126},
}

@proceedings{MuellerRichter2018a-ed,
  editor    = {M{\"u}ller, Stefan and Richter, Frank},
  title     = {{Proceedings of the 25th International Conference on Head-Driven Phrase Structure Grammar, University of Tokyo}},
  booktitle = {{Proceedings of the 25th International Conference on Head-Driven Phrase Structure Grammar, University of Tokyo}},
  publisher = {CSLI Publications},
  address   = {Stanford, CA},
  OPTissn   = {15351793},
  url       = {http://cslipublications.stanford.edu/HPSG/2018/},
  year      = {2018},
}

