@inproceedings{moeljadi-bond:2018,
  author    = {Moeljadi, David and Bond, Francis},
  title     = {HPSG Analysis and Computational Implementation of Indonesian Passives},
  booktitle = {{Proceedings of the 25th International Conference on Head-Driven Phrase Structure Grammar, University of Tokyo}},
  editor    = {M{\"u}ller, Stefan and Richter, Frank},
  OPTissn   = {15351793},
  url       = {http://cslipublications.stanford.edu/HPSG/2018/hpsg2018-moeljadi-bond.pdf},
  publisher = {CSLI Publications},
  address   = {Stanford, CA},
  pages     = {127--137},
  year      = {2018},
}

@inproceedings{moeljadi-bond:2018-cr,
  crossref  = {MuellerRichter2018a-ed},
  author    = {Moeljadi, David and Bond, Francis},
  title     = {HPSG Analysis and Computational Implementation of Indonesian Passives},
  url       = {http://cslipublications.stanford.edu/HPSG/2018/hpsg2018-moeljadi-bond.pdf},
  pages     = {127--137},
}

@proceedings{MuellerRichter2018a-ed,
  editor    = {M{\"u}ller, Stefan and Richter, Frank},
  title     = {{Proceedings of the 25th International Conference on Head-Driven Phrase Structure Grammar, University of Tokyo}},
  booktitle = {{Proceedings of the 25th International Conference on Head-Driven Phrase Structure Grammar, University of Tokyo}},
  publisher = {CSLI Publications},
  address   = {Stanford, CA},
  OPTissn   = {15351793},
  url       = {http://cslipublications.stanford.edu/HPSG/2018/},
  year      = {2018},
}

