@inproceedings{nielsen,elizabethandbender:2018,
  author    = {Nielsen, Elizabeth and Bender, Emily M.},
  title     = {Modeling Adnominal Possession in Multilingual Grammar Engineering},
  booktitle = {Proceedings of the 25th International Conference on Head-Driven Phrase Structure Grammar, University of Tokyo},
  editor    = {M{\"u}ller, Stefan},
  OPTissn   = {15351793},
  url       = {http://cslipublications.stanford.edu/HPSG/2018/hpsg2018-nielsen,elizabethandbender.pdf},
  publisher = {CSLI Publications},
  address   = {Stanford, CA},
  pages     = {6--6},
  year      = {2018},
}

@inproceedings{nielsen,elizabethandbender:2018-cr,
  crossref  = {Mueller2018a-ed},
  author    = {Nielsen, Elizabeth and Bender, Emily M.},
  title     = {Modeling Adnominal Possession in Multilingual Grammar Engineering},
  url       = {http://cslipublications.stanford.edu/HPSG/2018/hpsg2018-nielsen,elizabethandbender.pdf},
  pages     = {6--6},
}

@proceedings{Mueller2018a-ed,
  editor    = {M{\"u}ller, Stefan},
  title     = {Proceedings of the 25th International Conference on Head-Driven Phrase Structure Grammar, University of Tokyo},
  booktitle = {Proceedings of the 25th International Conference on Head-Driven Phrase Structure Grammar, University of Tokyo},
  publisher = {CSLI Publications},
  address   = {Stanford, CA},
  OPTissn   = {15351793},
  url       = {http://cslipublications.stanford.edu/HPSG/2018/},
  year      = {2018},
}

