@inproceedings{pkc:2018,
  author    = {Park, Sang-Hee and Koenig, Jean-Pierre and Chaves, Rui P.},
  title     = {Scope
Ambiguities and Lexical Resource Semantics: The case of Gapping},
  booktitle = {Proceedings of the 25th International Conference on Head-Driven Phrase Structure Grammar, University of Tokyo},
  editor    = {M{\"u}ller, Stefan and Richter, Frank},
  OPTissn   = {15351793},
  url       = {http://cslipublications.stanford.edu/HPSG/2018/hpsg2018-pkc.pdf},
  publisher = {CSLI Publications},
  address   = {Stanford, CA},
  pages     = {134--134},
  year      = {2018},
}

@inproceedings{pkc:2018-cr,
  crossref  = {MuellerRichter2018a-ed},
  author    = {Park, Sang-Hee and Koenig, Jean-Pierre and Chaves, Rui P.},
  title     = {Scope
Ambiguities and Lexical Resource Semantics: The case of Gapping},
  url       = {http://cslipublications.stanford.edu/HPSG/2018/hpsg2018-pkc.pdf},
  pages     = {134--134},
}

@proceedings{MuellerRichter2018a-ed,
  editor    = {M{\"u}ller, Stefan and Richter, Frank},
  title     = {Proceedings of the 25th International Conference on Head-Driven Phrase Structure Grammar, University of Tokyo},
  booktitle = {Proceedings of the 25th International Conference on Head-Driven Phrase Structure Grammar, University of Tokyo},
  publisher = {CSLI Publications},
  address   = {Stanford, CA},
  OPTissn   = {15351793},
  url       = {http://cslipublications.stanford.edu/HPSG/2018/},
  year      = {2018},
}

