@inproceedings{yatabe-tanigawa:2018,
  author    = {Yatabe, Sh{\^u}ichi and Tanigawa, Kei},
  title     = {The fine structure of clausal right-node raising constructions in Japanese},
  booktitle = {{Proceedings of the 25th International Conference on Head-Driven Phrase Structure Grammar, University of Tokyo}},
  editor    = {M{\"u}ller, Stefan and Richter, Frank},
  OPTissn   = {15351793},
  url       = {http://cslipublications.stanford.edu/HPSG/2018/hpsg2018-yatabe-tanigawa.pdf},
  publisher = {CSLI Publications},
  address   = {Stanford, CA},
  pages     = {174--194},
  year      = {2018},
}

@inproceedings{yatabe-tanigawa:2018-cr,
  crossref  = {MuellerRichter2018a-ed},
  author    = {Yatabe, Sh{\^u}ichi and Tanigawa, Kei},
  title     = {The fine structure of clausal right-node raising constructions in Japanese},
  url       = {http://cslipublications.stanford.edu/HPSG/2018/hpsg2018-yatabe-tanigawa.pdf},
  pages     = {174--194},
}

@proceedings{MuellerRichter2018a-ed,
  editor    = {M{\"u}ller, Stefan and Richter, Frank},
  title     = {{Proceedings of the 25th International Conference on Head-Driven Phrase Structure Grammar, University of Tokyo}},
  booktitle = {{Proceedings of the 25th International Conference on Head-Driven Phrase Structure Grammar, University of Tokyo}},
  publisher = {CSLI Publications},
  address   = {Stanford, CA},
  OPTissn   = {15351793},
  url       = {http://cslipublications.stanford.edu/HPSG/2018/},
  year      = {2018},
}

