@inproceedings{aab:2017,
  author    = {Alsulami, Abeer and Arnold, Doug and Borsley, Robert D.},
  title     = {Simple and Complex Comparatives in Modern Standard Arabic},
  booktitle = {{Proceedings of the 24th International Conference on Head-Driven Phrase Structure Grammar, University of Kentucky, Lexington}},
  editor    = {M{\"u}ller, Stefan},
  OPTissn   = {15351793},
  url       = {http://cslipublications.stanford.edu/HPSG/2017/hpsg2017-aab.pdf},
  publisher = {CSLI Publications},
  address   = {Stanford, CA},
  pages     = {5--25},
  year      = {2017},
}

@inproceedings{aab:2017-cr,
  crossref  = {Mueller2017a-ed},
  author    = {Alsulami, Abeer and Arnold, Doug and Borsley, Robert D.},
  title     = {Simple and Complex Comparatives in Modern Standard Arabic},
  url       = {http://cslipublications.stanford.edu/HPSG/2017/hpsg2017-aab.pdf},
  pages     = {5--25},
}

@proceedings{Mueller2017a-ed,
  editor    = {M{\"u}ller, Stefan},
  title     = {{Proceedings of the 24th International Conference on Head-Driven Phrase Structure Grammar, University of Kentucky, Lexington}},
  booktitle = {{Proceedings of the 24th International Conference on Head-Driven Phrase Structure Grammar, University of Kentucky, Lexington}},
  publisher = {CSLI Publications},
  address   = {Stanford, CA},
  OPTissn   = {15351793},
  url       = {http://cslipublications.stanford.edu/HPSG/2017/},
  year      = {2017},
}

