@inproceedings{an-abeille:2017,
  author    = {An, Aixiu and Abeill{\'e}, Anne},
  title     = {Agreement and interpretation of binominals in French},
  booktitle = {{Proceedings of the 24th International Conference on Head-Driven Phrase Structure Grammar, University of Kentucky, Lexington}},
  editor    = {M{\"u}ller, Stefan},
  OPTissn   = {15351793},
  url       = {http://cslipublications.stanford.edu/HPSG/2017/hpsg2017-an-abeille.pdf},
  publisher = {CSLI Publications},
  address   = {Stanford, CA},
  pages     = {26--43},
  year      = {2017},
}

@inproceedings{an-abeille:2017-cr,
  crossref  = {Mueller2017a-ed},
  author    = {An, Aixiu and Abeill{\'e}, Anne},
  title     = {Agreement and interpretation of binominals in French},
  url       = {http://cslipublications.stanford.edu/HPSG/2017/hpsg2017-an-abeille.pdf},
  pages     = {26--43},
}

@proceedings{Mueller2017a-ed,
  editor    = {M{\"u}ller, Stefan},
  title     = {{Proceedings of the 24th International Conference on Head-Driven Phrase Structure Grammar, University of Kentucky, Lexington}},
  booktitle = {{Proceedings of the 24th International Conference on Head-Driven Phrase Structure Grammar, University of Kentucky, Lexington}},
  publisher = {CSLI Publications},
  address   = {Stanford, CA},
  OPTissn   = {15351793},
  url       = {http://cslipublications.stanford.edu/HPSG/2017/},
  year      = {2017},
}

