@inproceedings{aradgreshler-melnik:2017,
  author    = {Arad Greshler, Tali and Melnik, Nurit},
  title     = {Backward control in Modern Standard Arabic},
  booktitle = {{Proceedings of the 24th International Conference on Head-Driven Phrase Structure Grammar, University of Kentucky, Lexington}},
  editor    = {M{\"u}ller, Stefan},
  OPTissn   = {15351793},
  url       = {http://cslipublications.stanford.edu/HPSG/2017/hpsg2017-aradgreshler-melnik.pdf},
  publisher = {CSLI Publications},
  address   = {Stanford, CA},
  pages     = {44--60},
  year      = {2017},
}

@inproceedings{aradgreshler-melnik:2017-cr,
  crossref  = {Mueller2017a-ed},
  author    = {Arad Greshler, Tali and Melnik, Nurit},
  title     = {Backward control in Modern Standard Arabic},
  url       = {http://cslipublications.stanford.edu/HPSG/2017/hpsg2017-aradgreshler-melnik.pdf},
  pages     = {44--60},
}

@proceedings{Mueller2017a-ed,
  editor    = {M{\"u}ller, Stefan},
  title     = {{Proceedings of the 24th International Conference on Head-Driven Phrase Structure Grammar, University of Kentucky, Lexington}},
  booktitle = {{Proceedings of the 24th International Conference on Head-Driven Phrase Structure Grammar, University of Kentucky, Lexington}},
  publisher = {CSLI Publications},
  address   = {Stanford, CA},
  OPTissn   = {15351793},
  url       = {http://cslipublications.stanford.edu/HPSG/2017/},
  year      = {2017},
}

