@inproceedings{ball:2017,
  author    = {Ball, Douglas},
  title     = {``VP'' Adverbs without a VP: The syntax of adverbs in Tongan},
  booktitle = {{Proceedings of the 24th International Conference on Head-Driven Phrase Structure Grammar, University of Kentucky, Lexington}},
  editor    = {M{\"u}ller, Stefan},
  OPTissn   = {15351793},
  url       = {http://cslipublications.stanford.edu/HPSG/2017/hpsg2017-ball.pdf},
  publisher = {CSLI Publications},
  address   = {Stanford, CA},
  pages     = {61--81},
  year      = {2017},
}

@inproceedings{ball:2017-cr,
  crossref  = {Mueller2017a-ed},
  author    = {Ball, Douglas},
  title     = {``VP'' Adverbs without a VP: The syntax of adverbs in Tongan},
  url       = {http://cslipublications.stanford.edu/HPSG/2017/hpsg2017-ball.pdf},
  pages     = {61--81},
}

@proceedings{Mueller2017a-ed,
  editor    = {M{\"u}ller, Stefan},
  title     = {{Proceedings of the 24th International Conference on Head-Driven Phrase Structure Grammar, University of Kentucky, Lexington}},
  booktitle = {{Proceedings of the 24th International Conference on Head-Driven Phrase Structure Grammar, University of Kentucky, Lexington}},
  publisher = {CSLI Publications},
  address   = {Stanford, CA},
  OPTissn   = {15351793},
  url       = {http://cslipublications.stanford.edu/HPSG/2017/},
  year      = {2017},
}

