@inproceedings{borsley:2017,
  author    = {Borsley, Robert D.},
  title     = {Explanations and `Engineering Solutions'? Aspects of the Relation between Minimalism and HPSG},
  booktitle = {{Proceedings of the 24th International Conference on Head-Driven Phrase Structure Grammar, University of Kentucky, Lexington}},
  editor    = {M{\"u}ller, Stefan},
  OPTissn   = {15351793},
  url       = {http://cslipublications.stanford.edu/HPSG/2017/hpsg2017-borsley.pdf},
  publisher = {CSLI Publications},
  address   = {Stanford, CA},
  pages     = {82--102},
  year      = {2017},
}

@inproceedings{borsley:2017-cr,
  crossref  = {Mueller2017a-ed},
  author    = {Borsley, Robert D.},
  title     = {Explanations and `Engineering Solutions'? Aspects of the Relation between Minimalism and HPSG},
  url       = {http://cslipublications.stanford.edu/HPSG/2017/hpsg2017-borsley.pdf},
  pages     = {82--102},
}

@proceedings{Mueller2017a-ed,
  editor    = {M{\"u}ller, Stefan},
  title     = {{Proceedings of the 24th International Conference on Head-Driven Phrase Structure Grammar, University of Kentucky, Lexington}},
  booktitle = {{Proceedings of the 24th International Conference on Head-Driven Phrase Structure Grammar, University of Kentucky, Lexington}},
  publisher = {CSLI Publications},
  address   = {Stanford, CA},
  OPTissn   = {15351793},
  url       = {http://cslipublications.stanford.edu/HPSG/2017/},
  year      = {2017},
}

