@inproceedings{broadwell:2017,
  author    = {Broadwell, George Aaron},
  title     = {Parallel affix blocks in Choctaw},
  booktitle = {{Proceedings of the 24th International Conference on Head-Driven Phrase Structure Grammar, University of Kentucky, Lexington}},
  editor    = {M{\"u}ller, Stefan},
  OPTissn   = {15351793},
  url       = {http://cslipublications.stanford.edu/HPSG/2017/hpsg2017-broadwell.pdf},
  publisher = {CSLI Publications},
  address   = {Stanford, CA},
  pages     = {103--119},
  year      = {2017},
}

@inproceedings{broadwell:2017-cr,
  crossref  = {Mueller2017a-ed},
  author    = {Broadwell, George Aaron},
  title     = {Parallel affix blocks in Choctaw},
  url       = {http://cslipublications.stanford.edu/HPSG/2017/hpsg2017-broadwell.pdf},
  pages     = {103--119},
}

@proceedings{Mueller2017a-ed,
  editor    = {M{\"u}ller, Stefan},
  title     = {{Proceedings of the 24th International Conference on Head-Driven Phrase Structure Grammar, University of Kentucky, Lexington}},
  booktitle = {{Proceedings of the 24th International Conference on Head-Driven Phrase Structure Grammar, University of Kentucky, Lexington}},
  publisher = {CSLI Publications},
  address   = {Stanford, CA},
  OPTissn   = {15351793},
  url       = {http://cslipublications.stanford.edu/HPSG/2017/},
  year      = {2017},
}

