@inproceedings{crysmann-olivierbonami:2017,
  author    = {Crysmann, Berthold and Olivier Bonami, Olivier},
  title     = {Atomistic and holistic exponence in Information-based Morphology},
  booktitle = {Proceedings of the 24th International Conference on Head-Driven Phrase Structure Grammar, University of Kentucky, Lexington},
  editor    = {M{\"u}ller, Stefan},
  OPTissn   = {15351793},
  url       = {http://cslipublications.stanford.edu/HPSG/2017/hpsg2017-crysmann-olivierbonami.pdf},
  publisher = {CSLI Publications},
  address   = {Stanford, CA},
  pages     = {117--117},
  year      = {2017},
}

@inproceedings{crysmann-olivierbonami:2017-cr,
  crossref  = {Mueller2017a-ed},
  author    = {Crysmann, Berthold and Olivier Bonami, Olivier},
  title     = {Atomistic and holistic exponence in Information-based Morphology},
  url       = {http://cslipublications.stanford.edu/HPSG/2017/hpsg2017-crysmann-olivierbonami.pdf},
  pages     = {117--117},
}

@proceedings{Mueller2017a-ed,
  editor    = {M{\"u}ller, Stefan},
  title     = {Proceedings of the 24th International Conference on Head-Driven Phrase Structure Grammar, University of Kentucky, Lexington},
  booktitle = {Proceedings of the 24th International Conference on Head-Driven Phrase Structure Grammar, University of Kentucky, Lexington},
  publisher = {CSLI Publications},
  address   = {Stanford, CA},
  OPTissn   = {15351793},
  url       = {http://cslipublications.stanford.edu/HPSG/2017/},
  year      = {2017},
}

