@inproceedings{crysmann:2017,
  author    = {Crysmann, Berthold},
  title     = {Resumption and case: A new take on Modern Standard Arabic},
  booktitle = {{Proceedings of the 24th International Conference on Head-Driven Phrase Structure Grammar, University of Kentucky, Lexington}},
  editor    = {M{\"u}ller, Stefan},
  OPTissn   = {15351793},
  url       = {http://cslipublications.stanford.edu/HPSG/2017/hpsg2017-crysmann.pdf},
  publisher = {CSLI Publications},
  address   = {Stanford, CA},
  pages     = {120--140},
  year      = {2017},
}

@inproceedings{crysmann:2017-cr,
  crossref  = {Mueller2017a-ed},
  author    = {Crysmann, Berthold},
  title     = {Resumption and case: A new take on Modern Standard Arabic},
  url       = {http://cslipublications.stanford.edu/HPSG/2017/hpsg2017-crysmann.pdf},
  pages     = {120--140},
}

@proceedings{Mueller2017a-ed,
  editor    = {M{\"u}ller, Stefan},
  title     = {{Proceedings of the 24th International Conference on Head-Driven Phrase Structure Grammar, University of Kentucky, Lexington}},
  booktitle = {{Proceedings of the 24th International Conference on Head-Driven Phrase Structure Grammar, University of Kentucky, Lexington}},
  publisher = {CSLI Publications},
  address   = {Stanford, CA},
  OPTissn   = {15351793},
  url       = {http://cslipublications.stanford.edu/HPSG/2017/},
  year      = {2017},
}

