@inproceedings{dabkowski:2017,
  author    = {D\k{a}bkowski, Maksymilian},
  title     = {Yucatecan Control and Lexical Categories in SBCG},
  booktitle = {{Proceedings of the 24th International Conference on Head-Driven Phrase Structure Grammar, University of Kentucky, Lexington}},
  editor    = {M{\"u}ller, Stefan},
  OPTissn   = {15351793},
  url       = {http://cslipublications.stanford.edu/HPSG/2017/hpsg2017-dabkowski.pdf},
  publisher = {CSLI Publications},
  address   = {Stanford, CA},
  pages     = {162--178},
  year      = {2017},
}

@inproceedings{dabkowski:2017-cr,
  crossref  = {Mueller2017a-ed},
  author    = {D\k{a}bkowski, Maksymilian},
  title     = {Yucatecan Control and Lexical Categories in SBCG},
  url       = {http://cslipublications.stanford.edu/HPSG/2017/hpsg2017-dabkowski.pdf},
  pages     = {162--178},
}

@proceedings{Mueller2017a-ed,
  editor    = {M{\"u}ller, Stefan},
  title     = {{Proceedings of the 24th International Conference on Head-Driven Phrase Structure Grammar, University of Kentucky, Lexington}},
  booktitle = {{Proceedings of the 24th International Conference on Head-Driven Phrase Structure Grammar, University of Kentucky, Lexington}},
  publisher = {CSLI Publications},
  address   = {Stanford, CA},
  OPTissn   = {15351793},
  url       = {http://cslipublications.stanford.edu/HPSG/2017/},
  year      = {2017},
}

