@inproceedings{dąbkowski:2017,
  author    = {Dbkowski, Maksymilian},
  title     = {Yucatecan Control and Lexical Categories in SBCG},
  booktitle = {Proceedings of the 24th International Conference on Head-Driven Phrase Structure Grammar, University of Kentucky, Lexington},
  editor    = {M{\"u}ller, Stefan},
  OPTissn   = {15351793},
  url       = {http://cslipublications.stanford.edu/HPSG/2017/hpsg2017-dąbkowski.pdf},
  publisher = {CSLI Publications},
  address   = {Stanford, CA},
  pages     = {161--161},
  year      = {2017},
}

@inproceedings{dąbkowski:2017-cr,
  crossref  = {Mueller2017a-ed},
  author    = {Dbkowski, Maksymilian},
  title     = {Yucatecan Control and Lexical Categories in SBCG},
  url       = {http://cslipublications.stanford.edu/HPSG/2017/hpsg2017-dąbkowski.pdf},
  pages     = {161--161},
}

@proceedings{Mueller2017a-ed,
  editor    = {M{\"u}ller, Stefan},
  title     = {Proceedings of the 24th International Conference on Head-Driven Phrase Structure Grammar, University of Kentucky, Lexington},
  booktitle = {Proceedings of the 24th International Conference on Head-Driven Phrase Structure Grammar, University of Kentucky, Lexington},
  publisher = {CSLI Publications},
  address   = {Stanford, CA},
  OPTissn   = {15351793},
  url       = {http://cslipublications.stanford.edu/HPSG/2017/},
  year      = {2017},
}

