@inproceedings{haugereid:2017,
  author    = {Haugereid, Petter},
  title     = {An incremental approach to gapping and conjunction reduction},
  booktitle = {{Proceedings of the 24th International Conference on Head-Driven Phrase Structure Grammar, University of Kentucky, Lexington}},
  editor    = {M{\"u}ller, Stefan},
  OPTissn   = {15351793},
  url       = {http://cslipublications.stanford.edu/HPSG/2017/hpsg2017-haugereid.pdf},
  publisher = {CSLI Publications},
  address   = {Stanford, CA},
  pages     = {179--198},
  year      = {2017},
}

@inproceedings{haugereid:2017-cr,
  crossref  = {Mueller2017a-ed},
  author    = {Haugereid, Petter},
  title     = {An incremental approach to gapping and conjunction reduction},
  url       = {http://cslipublications.stanford.edu/HPSG/2017/hpsg2017-haugereid.pdf},
  pages     = {179--198},
}

@proceedings{Mueller2017a-ed,
  editor    = {M{\"u}ller, Stefan},
  title     = {{Proceedings of the 24th International Conference on Head-Driven Phrase Structure Grammar, University of Kentucky, Lexington}},
  booktitle = {{Proceedings of the 24th International Conference on Head-Driven Phrase Structure Grammar, University of Kentucky, Lexington}},
  publisher = {CSLI Publications},
  address   = {Stanford, CA},
  OPTissn   = {15351793},
  url       = {http://cslipublications.stanford.edu/HPSG/2017/},
  year      = {2017},
}

