@inproceedings{hepburn-gray:2017,
  author    = {Hepburn-Gray, Robert},
  title     = {Against Split Morphology},
  booktitle = {{Proceedings of the 24th International Conference on Head-Driven Phrase Structure Grammar, University of Kentucky, Lexington}},
  editor    = {M{\"u}ller, Stefan},
  OPTissn   = {15351793},
  url       = {http://cslipublications.stanford.edu/HPSG/2017/hpsg2017-hepburn-gray.pdf},
  publisher = {CSLI Publications},
  address   = {Stanford, CA},
  pages     = {199--211},
  year      = {2017},
}

@inproceedings{hepburn-gray:2017-cr,
  crossref  = {Mueller2017a-ed},
  author    = {Hepburn-Gray, Robert},
  title     = {Against Split Morphology},
  url       = {http://cslipublications.stanford.edu/HPSG/2017/hpsg2017-hepburn-gray.pdf},
  pages     = {199--211},
}

@proceedings{Mueller2017a-ed,
  editor    = {M{\"u}ller, Stefan},
  title     = {{Proceedings of the 24th International Conference on Head-Driven Phrase Structure Grammar, University of Kentucky, Lexington}},
  booktitle = {{Proceedings of the 24th International Conference on Head-Driven Phrase Structure Grammar, University of Kentucky, Lexington}},
  publisher = {CSLI Publications},
  address   = {Stanford, CA},
  OPTissn   = {15351793},
  url       = {http://cslipublications.stanford.edu/HPSG/2017/},
  year      = {2017},
}

