@proceedings{Mueller2017a-ed,
  editor    = {M{\"u}ller, Stefan},
  title     = {{Proceedings of the 24th International Conference on Head-Driven Phrase Structure Grammar, University of Kentucky, Lexington}},
  booktitle = {{Proceedings of the 24th International Conference on Head-Driven Phrase Structure Grammar, University of Kentucky, Lexington}},
  url       = {http://cslipublications.stanford.edu/HPSG/2017/},
  publisher = {CSLI Publications},
  address   = {Stanford, CA},
  OPTissn   = {15351793},
  year      = {2017},
}

@inproceedings{aab:2017,
  author    = {Alsulami, Abeer and Arnold, Doug and Borsley, Robert D.},
  title     = {Simple and Complex Comparatives in Modern Standard Arabic},
  booktitle = {{Proceedings of the 24th International Conference on Head-Driven Phrase Structure Grammar, University of Kentucky, Lexington}},
  editor    = {M{\"u}ller, Stefan},
  OPTissn   = {15351793},
  url       = {http://cslipublications.stanford.edu/HPSG/2017/hpsg2017-aab.pdf},
  publisher = {CSLI Publications},
  address   = {Stanford, CA},
  pages     = {5--25},
  year      = {2017},
}

@inproceedings{aab:2017-cr,
  crossref  = {Mueller2017a-ed},
  author    = {Alsulami, Abeer and Arnold, Doug and Borsley, Robert D.},
  title     = {Simple and Complex Comparatives in Modern Standard Arabic},
  url       = {http://cslipublications.stanford.edu/HPSG/2017/hpsg2017-aab.pdf},
  pages     = {5--25},
}

@inproceedings{an-abeille:2017,
  author    = {An, Aixiu and Abeill{\'e}, Anne},
  title     = {Agreement and interpretation of binominals in French},
  booktitle = {{Proceedings of the 24th International Conference on Head-Driven Phrase Structure Grammar, University of Kentucky, Lexington}},
  editor    = {M{\"u}ller, Stefan},
  OPTissn   = {15351793},
  url       = {http://cslipublications.stanford.edu/HPSG/2017/hpsg2017-an-abeille.pdf},
  publisher = {CSLI Publications},
  address   = {Stanford, CA},
  pages     = {26--43},
  year      = {2017},
}

@inproceedings{an-abeille:2017-cr,
  crossref  = {Mueller2017a-ed},
  author    = {An, Aixiu and Abeill{\'e}, Anne},
  title     = {Agreement and interpretation of binominals in French},
  url       = {http://cslipublications.stanford.edu/HPSG/2017/hpsg2017-an-abeille.pdf},
  pages     = {26--43},
}

@inproceedings{aradgreshler-melnik:2017,
  author    = {Arad Greshler, Tali and Melnik, Nurit},
  title     = {Backward control in Modern Standard Arabic},
  booktitle = {{Proceedings of the 24th International Conference on Head-Driven Phrase Structure Grammar, University of Kentucky, Lexington}},
  editor    = {M{\"u}ller, Stefan},
  OPTissn   = {15351793},
  url       = {http://cslipublications.stanford.edu/HPSG/2017/hpsg2017-aradgreshler-melnik.pdf},
  publisher = {CSLI Publications},
  address   = {Stanford, CA},
  pages     = {44--60},
  year      = {2017},
}

@inproceedings{aradgreshler-melnik:2017-cr,
  crossref  = {Mueller2017a-ed},
  author    = {Arad Greshler, Tali and Melnik, Nurit},
  title     = {Backward control in Modern Standard Arabic},
  url       = {http://cslipublications.stanford.edu/HPSG/2017/hpsg2017-aradgreshler-melnik.pdf},
  pages     = {44--60},
}

@inproceedings{ball:2017,
  author    = {Ball, Douglas},
  title     = {``VP'' Adverbs without a VP: The syntax of adverbs in Tongan},
  booktitle = {{Proceedings of the 24th International Conference on Head-Driven Phrase Structure Grammar, University of Kentucky, Lexington}},
  editor    = {M{\"u}ller, Stefan},
  OPTissn   = {15351793},
  url       = {http://cslipublications.stanford.edu/HPSG/2017/hpsg2017-ball.pdf},
  publisher = {CSLI Publications},
  address   = {Stanford, CA},
  pages     = {61--81},
  year      = {2017},
}

@inproceedings{ball:2017-cr,
  crossref  = {Mueller2017a-ed},
  author    = {Ball, Douglas},
  title     = {``VP'' Adverbs without a VP: The syntax of adverbs in Tongan},
  url       = {http://cslipublications.stanford.edu/HPSG/2017/hpsg2017-ball.pdf},
  pages     = {61--81},
}

@inproceedings{borsley:2017,
  author    = {Borsley, Robert D.},
  title     = {Explanations and `Engineering Solutions'? Aspects of the Relation between Minimalism and HPSG},
  booktitle = {{Proceedings of the 24th International Conference on Head-Driven Phrase Structure Grammar, University of Kentucky, Lexington}},
  editor    = {M{\"u}ller, Stefan},
  OPTissn   = {15351793},
  url       = {http://cslipublications.stanford.edu/HPSG/2017/hpsg2017-borsley.pdf},
  publisher = {CSLI Publications},
  address   = {Stanford, CA},
  pages     = {82--102},
  year      = {2017},
}

@inproceedings{borsley:2017-cr,
  crossref  = {Mueller2017a-ed},
  author    = {Borsley, Robert D.},
  title     = {Explanations and `Engineering Solutions'? Aspects of the Relation between Minimalism and HPSG},
  url       = {http://cslipublications.stanford.edu/HPSG/2017/hpsg2017-borsley.pdf},
  pages     = {82--102},
}

@inproceedings{broadwell:2017,
  author    = {Broadwell, George Aaron},
  title     = {Parallel affix blocks in Choctaw},
  booktitle = {{Proceedings of the 24th International Conference on Head-Driven Phrase Structure Grammar, University of Kentucky, Lexington}},
  editor    = {M{\"u}ller, Stefan},
  OPTissn   = {15351793},
  url       = {http://cslipublications.stanford.edu/HPSG/2017/hpsg2017-broadwell.pdf},
  publisher = {CSLI Publications},
  address   = {Stanford, CA},
  pages     = {103--119},
  year      = {2017},
}

@inproceedings{broadwell:2017-cr,
  crossref  = {Mueller2017a-ed},
  author    = {Broadwell, George Aaron},
  title     = {Parallel affix blocks in Choctaw},
  url       = {http://cslipublications.stanford.edu/HPSG/2017/hpsg2017-broadwell.pdf},
  pages     = {103--119},
}

@inproceedings{crysmann:2017,
  author    = {Crysmann, Berthold},
  title     = {Resumption and case: A new take on Modern Standard Arabic},
  booktitle = {{Proceedings of the 24th International Conference on Head-Driven Phrase Structure Grammar, University of Kentucky, Lexington}},
  editor    = {M{\"u}ller, Stefan},
  OPTissn   = {15351793},
  url       = {http://cslipublications.stanford.edu/HPSG/2017/hpsg2017-crysmann.pdf},
  publisher = {CSLI Publications},
  address   = {Stanford, CA},
  pages     = {120--140},
  year      = {2017},
}

@inproceedings{crysmann:2017-cr,
  crossref  = {Mueller2017a-ed},
  author    = {Crysmann, Berthold},
  title     = {Resumption and case: A new take on Modern Standard Arabic},
  url       = {http://cslipublications.stanford.edu/HPSG/2017/hpsg2017-crysmann.pdf},
  pages     = {120--140},
}

@inproceedings{crysmann-bonami:2017,
  author    = {Crysmann, Berthold and Bonami, Olivier},
  title     = {Atomistic and holistic exponence in Information-based Morphology},
  booktitle = {{Proceedings of the 24th International Conference on Head-Driven Phrase Structure Grammar, University of Kentucky, Lexington}},
  editor    = {M{\"u}ller, Stefan},
  OPTissn   = {15351793},
  url       = {http://cslipublications.stanford.edu/HPSG/2017/hpsg2017-crysmann-bonami.pdf},
  publisher = {CSLI Publications},
  address   = {Stanford, CA},
  pages     = {141--161},
  year      = {2017},
}

@inproceedings{crysmann-bonami:2017-cr,
  crossref  = {Mueller2017a-ed},
  author    = {Crysmann, Berthold and Bonami, Olivier},
  title     = {Atomistic and holistic exponence in Information-based Morphology},
  url       = {http://cslipublications.stanford.edu/HPSG/2017/hpsg2017-crysmann-bonami.pdf},
  pages     = {141--161},
}

@inproceedings{dabkowski:2017,
  author    = {D\k{a}bkowski, Maksymilian},
  title     = {Yucatecan Control and Lexical Categories in SBCG},
  booktitle = {{Proceedings of the 24th International Conference on Head-Driven Phrase Structure Grammar, University of Kentucky, Lexington}},
  editor    = {M{\"u}ller, Stefan},
  OPTissn   = {15351793},
  url       = {http://cslipublications.stanford.edu/HPSG/2017/hpsg2017-dabkowski.pdf},
  publisher = {CSLI Publications},
  address   = {Stanford, CA},
  pages     = {162--178},
  year      = {2017},
}

@inproceedings{dabkowski:2017-cr,
  crossref  = {Mueller2017a-ed},
  author    = {D\k{a}bkowski, Maksymilian},
  title     = {Yucatecan Control and Lexical Categories in SBCG},
  url       = {http://cslipublications.stanford.edu/HPSG/2017/hpsg2017-dabkowski.pdf},
  pages     = {162--178},
}

@inproceedings{haugereid:2017,
  author    = {Haugereid, Petter},
  title     = {An incremental approach to gapping and conjunction reduction},
  booktitle = {{Proceedings of the 24th International Conference on Head-Driven Phrase Structure Grammar, University of Kentucky, Lexington}},
  editor    = {M{\"u}ller, Stefan},
  OPTissn   = {15351793},
  url       = {http://cslipublications.stanford.edu/HPSG/2017/hpsg2017-haugereid.pdf},
  publisher = {CSLI Publications},
  address   = {Stanford, CA},
  pages     = {179--198},
  year      = {2017},
}

@inproceedings{haugereid:2017-cr,
  crossref  = {Mueller2017a-ed},
  author    = {Haugereid, Petter},
  title     = {An incremental approach to gapping and conjunction reduction},
  url       = {http://cslipublications.stanford.edu/HPSG/2017/hpsg2017-haugereid.pdf},
  pages     = {179--198},
}

@inproceedings{hepburn-gray:2017,
  author    = {Hepburn-Gray, Robert},
  title     = {Against Split Morphology},
  booktitle = {{Proceedings of the 24th International Conference on Head-Driven Phrase Structure Grammar, University of Kentucky, Lexington}},
  editor    = {M{\"u}ller, Stefan},
  OPTissn   = {15351793},
  url       = {http://cslipublications.stanford.edu/HPSG/2017/hpsg2017-hepburn-gray.pdf},
  publisher = {CSLI Publications},
  address   = {Stanford, CA},
  pages     = {199--211},
  year      = {2017},
}

@inproceedings{hepburn-gray:2017-cr,
  crossref  = {Mueller2017a-ed},
  author    = {Hepburn-Gray, Robert},
  title     = {Against Split Morphology},
  url       = {http://cslipublications.stanford.edu/HPSG/2017/hpsg2017-hepburn-gray.pdf},
  pages     = {199--211},
}

@inproceedings{kay-michaelis:2017,
  author    = {Kay, Paul and Michaelis, Laura},
  title     = {Partial Inversion in English},
  booktitle = {{Proceedings of the 24th International Conference on Head-Driven Phrase Structure Grammar, University of Kentucky, Lexington}},
  editor    = {M{\"u}ller, Stefan},
  OPTissn   = {15351793},
  url       = {http://cslipublications.stanford.edu/HPSG/2017/hpsg2017-kay-michaelis.pdf},
  publisher = {CSLI Publications},
  address   = {Stanford, CA},
  pages     = {212--216},
  year      = {2017},
}

@inproceedings{kay-michaelis:2017-cr,
  crossref  = {Mueller2017a-ed},
  author    = {Kay, Paul and Michaelis, Laura},
  title     = {Partial Inversion in English},
  url       = {http://cslipublications.stanford.edu/HPSG/2017/hpsg2017-kay-michaelis.pdf},
  pages     = {212--216},
}

@inproceedings{lee:2017,
  author    = {Lee, Sarah Hye-yeon},
  title     = {The Syntax of the \emph{not only ... but also ...} Construction},
  booktitle = {{Proceedings of the 24th International Conference on Head-Driven Phrase Structure Grammar, University of Kentucky, Lexington}},
  editor    = {M{\"u}ller, Stefan},
  OPTissn   = {15351793},
  url       = {http://cslipublications.stanford.edu/HPSG/2017/hpsg2017-lee.pdf},
  publisher = {CSLI Publications},
  address   = {Stanford, CA},
  pages     = {217--232},
  year      = {2017},
}

@inproceedings{lee:2017-cr,
  crossref  = {Mueller2017a-ed},
  author    = {Lee, Sarah Hye-yeon},
  title     = {The Syntax of the \emph{not only ... but also ...} Construction},
  url       = {http://cslipublications.stanford.edu/HPSG/2017/hpsg2017-lee.pdf},
  pages     = {217--232},
}

@inproceedings{maekawa:2017,
  author    = {Maekawa, Takafumi},
  title     = {English prepositional numeral 
constructions},
  booktitle = {{Proceedings of the 24th International Conference on Head-Driven Phrase Structure Grammar, University of Kentucky, Lexington}},
  editor    = {M{\"u}ller, Stefan},
  OPTissn   = {15351793},
  url       = {http://cslipublications.stanford.edu/HPSG/2017/hpsg2017-maekawa.pdf},
  publisher = {CSLI Publications},
  address   = {Stanford, CA},
  pages     = {233--247},
  year      = {2017},
}

@inproceedings{maekawa:2017-cr,
  crossref  = {Mueller2017a-ed},
  author    = {Maekawa, Takafumi},
  title     = {English prepositional numeral 
constructions},
  url       = {http://cslipublications.stanford.edu/HPSG/2017/hpsg2017-maekawa.pdf},
  pages     = {233--247},
}

