@inproceedings{kay-michaelis:2017,
  author    = {Kay, Paul and Michaelis, Laura},
  title     = {Partial Inversion in English},
  booktitle = {{Proceedings of the 24th International Conference on Head-Driven Phrase Structure Grammar, University of Kentucky, Lexington}},
  editor    = {M{\"u}ller, Stefan},
  OPTissn   = {15351793},
  url       = {http://cslipublications.stanford.edu/HPSG/2017/hpsg2017-kay-michaelis.pdf},
  publisher = {CSLI Publications},
  address   = {Stanford, CA},
  pages     = {212--216},
  year      = {2017},
}

@inproceedings{kay-michaelis:2017-cr,
  crossref  = {Mueller2017a-ed},
  author    = {Kay, Paul and Michaelis, Laura},
  title     = {Partial Inversion in English},
  url       = {http://cslipublications.stanford.edu/HPSG/2017/hpsg2017-kay-michaelis.pdf},
  pages     = {212--216},
}

@proceedings{Mueller2017a-ed,
  editor    = {M{\"u}ller, Stefan},
  title     = {{Proceedings of the 24th International Conference on Head-Driven Phrase Structure Grammar, University of Kentucky, Lexington}},
  booktitle = {{Proceedings of the 24th International Conference on Head-Driven Phrase Structure Grammar, University of Kentucky, Lexington}},
  publisher = {CSLI Publications},
  address   = {Stanford, CA},
  OPTissn   = {15351793},
  url       = {http://cslipublications.stanford.edu/HPSG/2017/},
  year      = {2017},
}

