@inproceedings{kratochvil-delpada:2017,
  author    = {Kratochvíl, František and Delpada, Benidiktus},
  title     = {Degrees of affectedness and verbal prefixation in Abui (Papuan)},
  booktitle = {Proceedings of the 24th International Conference on Head-Driven Phrase Structure Grammar, University of Kentucky, Lexington},
  editor    = {Stefan M{\"u}ller},
  OPTissn   = {15351793},
  url       = {http://cslipublications.stanford.edu/HPSG/2017/hpsg2017-kratochvil-delpada.pdf},
  publisher = {CSLI Publications},
  address   = {Stanford, CA},
  pages     = {28--28},
  year      = {2017},
}

@inproceedings{kratochvil-delpada:2017-cr,
  crossref  = {Mueller2017a-ed},
  author    = {Kratochvíl, František and Delpada, Benidiktus},
  title     = {Degrees of affectedness and verbal prefixation in Abui (Papuan)},
  url       = {http://cslipublications.stanford.edu/HPSG/2017/hpsg2017-kratochvil-delpada.pdf},
  pages     = {28--28},
}

@proceedings{Mueller2017a-ed,
  editor    = {Stefan M{\"u}ller},
  title     = {Proceedings of the 24th International Conference on Head-Driven Phrase Structure Grammar, University of Kentucky, Lexington},
  booktitle = {Proceedings of the 24th International Conference on Head-Driven Phrase Structure Grammar, University of Kentucky, Lexington},
  publisher = {CSLI Publications},
  address   = {Stanford, CA},
  OPTissn   = {15351793},
  url       = {http://cslipublications.stanford.edu/HPSG/2017/},
  year      = {2017},
}

