@inproceedings{lee:2017,
  author    = {Lee, Sarah Hye-yeon},
  title     = {The Syntax of the \emph{not only ... but also ...} Construction},
  booktitle = {{Proceedings of the 24th International Conference on Head-Driven Phrase Structure Grammar, University of Kentucky, Lexington}},
  editor    = {M{\"u}ller, Stefan},
  OPTissn   = {15351793},
  url       = {http://cslipublications.stanford.edu/HPSG/2017/hpsg2017-lee.pdf},
  publisher = {CSLI Publications},
  address   = {Stanford, CA},
  pages     = {217--232},
  year      = {2017},
}

@inproceedings{lee:2017-cr,
  crossref  = {Mueller2017a-ed},
  author    = {Lee, Sarah Hye-yeon},
  title     = {The Syntax of the \emph{not only ... but also ...} Construction},
  url       = {http://cslipublications.stanford.edu/HPSG/2017/hpsg2017-lee.pdf},
  pages     = {217--232},
}

@proceedings{Mueller2017a-ed,
  editor    = {M{\"u}ller, Stefan},
  title     = {{Proceedings of the 24th International Conference on Head-Driven Phrase Structure Grammar, University of Kentucky, Lexington}},
  booktitle = {{Proceedings of the 24th International Conference on Head-Driven Phrase Structure Grammar, University of Kentucky, Lexington}},
  publisher = {CSLI Publications},
  address   = {Stanford, CA},
  OPTissn   = {15351793},
  url       = {http://cslipublications.stanford.edu/HPSG/2017/},
  year      = {2017},
}

