@inproceedings{maekawa:2017,
  author    = {Maekawa, Takafumi},
  title     = {English prepositional numeral 
constructions},
  booktitle = {{Proceedings of the 24th International Conference on Head-Driven Phrase Structure Grammar, University of Kentucky, Lexington}},
  editor    = {M{\"u}ller, Stefan},
  OPTissn   = {15351793},
  url       = {http://cslipublications.stanford.edu/HPSG/2017/hpsg2017-maekawa.pdf},
  publisher = {CSLI Publications},
  address   = {Stanford, CA},
  pages     = {233--247},
  year      = {2017},
}

@inproceedings{maekawa:2017-cr,
  crossref  = {Mueller2017a-ed},
  author    = {Maekawa, Takafumi},
  title     = {English prepositional numeral 
constructions},
  url       = {http://cslipublications.stanford.edu/HPSG/2017/hpsg2017-maekawa.pdf},
  pages     = {233--247},
}

@proceedings{Mueller2017a-ed,
  editor    = {M{\"u}ller, Stefan},
  title     = {{Proceedings of the 24th International Conference on Head-Driven Phrase Structure Grammar, University of Kentucky, Lexington}},
  booktitle = {{Proceedings of the 24th International Conference on Head-Driven Phrase Structure Grammar, University of Kentucky, Lexington}},
  publisher = {CSLI Publications},
  address   = {Stanford, CA},
  OPTissn   = {15351793},
  url       = {http://cslipublications.stanford.edu/HPSG/2017/},
  year      = {2017},
}

