@inproceedings{michaelis-kay:2017,
  author    = {Michaelis, Laura and Kay, Paul},
  title     = {Partial Inversion in English},
  booktitle = {Proceedings of the 24th International Conference on Head-Driven Phrase Structure Grammar, University of Kentucky, Lexington},
  editor    = {M{\"u}ller, Stefan},
  OPTissn   = {15351793},
  url       = {http://cslipublications.stanford.edu/HPSG/2017/hpsg2017-michaelis-kay.pdf},
  publisher = {CSLI Publications},
  address   = {Stanford, CA},
  pages     = {243--247},
  year      = {2017},
}

@inproceedings{michaelis-kay:2017-cr,
  crossref  = {Mueller2017a-ed},
  author    = {Michaelis, Laura and Kay, Paul},
  title     = {Partial Inversion in English},
  url       = {http://cslipublications.stanford.edu/HPSG/2017/hpsg2017-michaelis-kay.pdf},
  pages     = {243--247},
}

@proceedings{Mueller2017a-ed,
  editor    = {M{\"u}ller, Stefan},
  title     = {Proceedings of the 24th International Conference on Head-Driven Phrase Structure Grammar, University of Kentucky, Lexington},
  booktitle = {Proceedings of the 24th International Conference on Head-Driven Phrase Structure Grammar, University of Kentucky, Lexington},
  publisher = {CSLI Publications},
  address   = {Stanford, CA},
  OPTissn   = {15351793},
  url       = {http://cslipublications.stanford.edu/HPSG/2017/},
  year      = {2017},
}

