@inproceedings{abeille-winckel:2019,
  author    = {Abeill{\'e}, Anne and Winckel, Elodie},
  title     = {pending},
  booktitle = {{Proceedings of the 26th International Conference on Head-Driven Phrase Structure Grammar, University of Bucharest}},
  editor    = {M{\"u}ller, Stefan and Osenova, Petya},
  OPTissn   = {15351793},
  url       = {http://cslipublications.stanford.edu/HPSG/2019/hpsg2019-abeille-winckel.pdf},
  publisher = {CSLI Publications},
  address   = {Stanford, CA},
  pages     = {6--6},
  year      = {2019},
}

@inproceedings{abeille-winckel:2019-cr,
  crossref  = {MuellerOsenova2019a-ed},
  author    = {Abeill{\'e}, Anne and Winckel, Elodie},
  title     = {pending},
  url       = {http://cslipublications.stanford.edu/HPSG/2019/hpsg2019-abeille-winckel.pdf},
  pages     = {6--6},
}

@proceedings{MuellerOsenova2019a-ed,
  editor    = {M{\"u}ller, Stefan and Osenova, Petya},
  title     = {{Proceedings of the 26th International Conference on Head-Driven Phrase Structure Grammar, University of Bucharest}},
  booktitle = {{Proceedings of the 26th International Conference on Head-Driven Phrase Structure Grammar, University of Bucharest}},
  publisher = {CSLI Publications},
  address   = {Stanford, CA},
  OPTissn   = {15351793},
  url       = {http://cslipublications.stanford.edu/HPSG/2019/},
  year      = {2019},
}

