@inproceedings{aguila-multner-crysmann:2019,
  author    = {Aguila-Multner, Gabriel and Crysmann, Berthold},
  title     = {Deriving reversal in  Old French nominal inflection},
  booktitle = {{Proceedings of the 26th International Conference on Head-Driven Phrase Structure Grammar, University of Bucharest}},
  editor    = {M{\"u}ller, Stefan and Osenova, Petya},
  OPTissn   = {15351793},
  url       = {http://cslipublications.stanford.edu/HPSG/2019/hpsg2019-aguila-multner-crysmann.pdf},
  publisher = {CSLI Publications},
  address   = {Stanford, CA},
  pages     = {5--25},
  year      = {2019},
}

@inproceedings{aguila-multner-crysmann:2019-cr,
  crossref  = {MuellerOsenova2019a-ed},
  author    = {Aguila-Multner, Gabriel and Crysmann, Berthold},
  title     = {Deriving reversal in  Old French nominal inflection},
  url       = {http://cslipublications.stanford.edu/HPSG/2019/hpsg2019-aguila-multner-crysmann.pdf},
  pages     = {5--25},
}

@proceedings{MuellerOsenova2019a-ed,
  editor    = {M{\"u}ller, Stefan and Osenova, Petya},
  title     = {{Proceedings of the 26th International Conference on Head-Driven Phrase Structure Grammar, University of Bucharest}},
  booktitle = {{Proceedings of the 26th International Conference on Head-Driven Phrase Structure Grammar, University of Bucharest}},
  publisher = {CSLI Publications},
  address   = {Stanford, CA},
  OPTissn   = {15351793},
  url       = {http://cslipublications.stanford.edu/HPSG/2019/},
  year      = {2019},
}

