@inproceedings{borsley:2019,
  author    = {Borsley, Bob},
  title     = {The complexities of the Welsh copula},
  booktitle = {{Proceedings of the 26th International Conference on Head-Driven Phrase Structure Grammar, University of Bucharest}},
  editor    = {M{\"u}ller, Stefan and Osenova, Petya},
  OPTissn   = {15351793},
  url       = {http://cslipublications.stanford.edu/HPSG/2019/hpsg2019-borsley.pdf},
  publisher = {CSLI Publications},
  address   = {Stanford, CA},
  pages     = {5--25},
  year      = {2019},
}

@inproceedings{borsley:2019-cr,
  crossref  = {MuellerOsenova2019a-ed},
  author    = {Borsley, Bob},
  title     = {The complexities of the Welsh copula},
  url       = {http://cslipublications.stanford.edu/HPSG/2019/hpsg2019-borsley.pdf},
  pages     = {5--25},
}

@proceedings{MuellerOsenova2019a-ed,
  editor    = {M{\"u}ller, Stefan and Osenova, Petya},
  title     = {{Proceedings of the 26th International Conference on Head-Driven Phrase Structure Grammar, University of Bucharest}},
  booktitle = {{Proceedings of the 26th International Conference on Head-Driven Phrase Structure Grammar, University of Bucharest}},
  publisher = {CSLI Publications},
  address   = {Stanford, CA},
  OPTissn   = {15351793},
  url       = {http://cslipublications.stanford.edu/HPSG/2019/},
  year      = {2019},
}

