@inproceedings{guzmannaranjo:2019,
  author    = {Guzmán Naranjo, Matías},
  title     = {Analogy-based Morphology: The Kasem number system},
  booktitle = {{Proceedings of the 26th International Conference on Head-Driven Phrase Structure Grammar, University of Bucharest}},
  editor    = {M{\"u}ller, Stefan and Osenova, Petya},
  OPTissn   = {15351793},
  url       = {http://cslipublications.stanford.edu/HPSG/2019/hpsg2019-guzmannaranjo.pdf},
  publisher = {CSLI Publications},
  address   = {Stanford, CA},
  pages     = {26--41},
  year      = {2019},
}

@inproceedings{guzmannaranjo:2019-cr,
  crossref  = {MuellerOsenova2019a-ed},
  author    = {Guzmán Naranjo, Matías},
  title     = {Analogy-based Morphology: The Kasem number system},
  url       = {http://cslipublications.stanford.edu/HPSG/2019/hpsg2019-guzmannaranjo.pdf},
  pages     = {26--41},
}

@proceedings{MuellerOsenova2019a-ed,
  editor    = {M{\"u}ller, Stefan and Osenova, Petya},
  title     = {{Proceedings of the 26th International Conference on Head-Driven Phrase Structure Grammar, University of Bucharest}},
  booktitle = {{Proceedings of the 26th International Conference on Head-Driven Phrase Structure Grammar, University of Bucharest}},
  publisher = {CSLI Publications},
  address   = {Stanford, CA},
  OPTissn   = {15351793},
  url       = {http://cslipublications.stanford.edu/HPSG/2019/},
  year      = {2019},
}

