@inproceedings{haugereid:2019,
  author    = {Haugereid, Petter},
  title     = {An incremental approach to gapping in Japanese},
  booktitle = {{Proceedings of the 26th International Conference on Head-Driven Phrase Structure Grammar, University of Bucharest}},
  editor    = {M{\"u}ller, Stefan and Osenova, Petya},
  OPTissn   = {15351793},
  url       = {http://cslipublications.stanford.edu/HPSG/2019/hpsg2019-haugereid.pdf},
  publisher = {CSLI Publications},
  address   = {Stanford, CA},
  pages     = {42--57},
  year      = {2019},
}

@inproceedings{haugereid:2019-cr,
  crossref  = {MuellerOsenova2019a-ed},
  author    = {Haugereid, Petter},
  title     = {An incremental approach to gapping in Japanese},
  url       = {http://cslipublications.stanford.edu/HPSG/2019/hpsg2019-haugereid.pdf},
  pages     = {42--57},
}

@proceedings{MuellerOsenova2019a-ed,
  editor    = {M{\"u}ller, Stefan and Osenova, Petya},
  title     = {{Proceedings of the 26th International Conference on Head-Driven Phrase Structure Grammar, University of Bucharest}},
  booktitle = {{Proceedings of the 26th International Conference on Head-Driven Phrase Structure Grammar, University of Bucharest}},
  publisher = {CSLI Publications},
  address   = {Stanford, CA},
  OPTissn   = {15351793},
  url       = {http://cslipublications.stanford.edu/HPSG/2019/},
  year      = {2019},
}

