@proceedings{MuellerOsenova2019a-ed,
  editor    = {M{\"u}ller, Stefan and Osenova, Petya},
  title     = {{Proceedings of the 26th International Conference on Head-Driven Phrase Structure Grammar, University of Bucharest}},
  booktitle = {{Proceedings of the 26th International Conference on Head-Driven Phrase Structure Grammar, University of Bucharest}},
  url       = {http://cslipublications.stanford.edu/HPSG/2019/},
  publisher = {CSLI Publications},
  address   = {Stanford, CA},
  OPTissn   = {15351793},
  year      = {2019},
}

@inproceedings{borsley:2019,
  author    = {Borsley, Bob},
  title     = {The complexities of the Welsh copula},
  booktitle = {{Proceedings of the 26th International Conference on Head-Driven Phrase Structure Grammar, University of Bucharest}},
  editor    = {M{\"u}ller, Stefan and Osenova, Petya},
  OPTissn   = {15351793},
  url       = {http://cslipublications.stanford.edu/HPSG/2019/hpsg2019-borsley.pdf},
  publisher = {CSLI Publications},
  address   = {Stanford, CA},
  pages     = {5--25},
  year      = {2019},
}

@inproceedings{borsley:2019-cr,
  crossref  = {MuellerOsenova2019a-ed},
  author    = {Borsley, Bob},
  title     = {The complexities of the Welsh copula},
  url       = {http://cslipublications.stanford.edu/HPSG/2019/hpsg2019-borsley.pdf},
  pages     = {5--25},
}

@inproceedings{guzmannaranjo:2019,
  author    = {Guzmán Naranjo, Matías},
  title     = {Analogy-based Morphology: The Kasem number system},
  booktitle = {{Proceedings of the 26th International Conference on Head-Driven Phrase Structure Grammar, University of Bucharest}},
  editor    = {M{\"u}ller, Stefan and Osenova, Petya},
  OPTissn   = {15351793},
  url       = {http://cslipublications.stanford.edu/HPSG/2019/hpsg2019-guzmannaranjo.pdf},
  publisher = {CSLI Publications},
  address   = {Stanford, CA},
  pages     = {26--41},
  year      = {2019},
}

@inproceedings{guzmannaranjo:2019-cr,
  crossref  = {MuellerOsenova2019a-ed},
  author    = {Guzmán Naranjo, Matías},
  title     = {Analogy-based Morphology: The Kasem number system},
  url       = {http://cslipublications.stanford.edu/HPSG/2019/hpsg2019-guzmannaranjo.pdf},
  pages     = {26--41},
}

@inproceedings{haugereid:2019,
  author    = {Haugereid, Petter},
  title     = {An incremental approach to gapping in Japanese},
  booktitle = {{Proceedings of the 26th International Conference on Head-Driven Phrase Structure Grammar, University of Bucharest}},
  editor    = {M{\"u}ller, Stefan and Osenova, Petya},
  OPTissn   = {15351793},
  url       = {http://cslipublications.stanford.edu/HPSG/2019/hpsg2019-haugereid.pdf},
  publisher = {CSLI Publications},
  address   = {Stanford, CA},
  pages     = {42--57},
  year      = {2019},
}

@inproceedings{haugereid:2019-cr,
  crossref  = {MuellerOsenova2019a-ed},
  author    = {Haugereid, Petter},
  title     = {An incremental approach to gapping in Japanese},
  url       = {http://cslipublications.stanford.edu/HPSG/2019/hpsg2019-haugereid.pdf},
  pages     = {42--57},
}

@inproceedings{pullum:2019,
  author    = {Pullum, Geoffrey K.},
  title     = {What grammars are, or ought to be},
  booktitle = {{Proceedings of the 26th International Conference on Head-Driven Phrase Structure Grammar, University of Bucharest}},
  editor    = {M{\"u}ller, Stefan and Osenova, Petya},
  OPTissn   = {15351793},
  url       = {http://cslipublications.stanford.edu/HPSG/2019/hpsg2019-pullum.pdf},
  publisher = {CSLI Publications},
  address   = {Stanford, CA},
  pages     = {58--78},
  year      = {2019},
}

@inproceedings{pullum:2019-cr,
  crossref  = {MuellerOsenova2019a-ed},
  author    = {Pullum, Geoffrey K.},
  title     = {What grammars are, or ought to be},
  url       = {http://cslipublications.stanford.edu/HPSG/2019/hpsg2019-pullum.pdf},
  pages     = {58--78},
}

@inproceedings{rizea-sailer:2019,
  author    = {Rizea, Monica-Mihaela and Sailer, Manfred},
  title     = {Representing scales: Degree result clauses and emphatic
negative polarity items in Romanian},
  booktitle = {{Proceedings of the 26th International Conference on Head-Driven Phrase Structure Grammar, University of Bucharest}},
  editor    = {M{\"u}ller, Stefan and Osenova, Petya},
  OPTissn   = {15351793},
  url       = {http://cslipublications.stanford.edu/HPSG/2019/hpsg2019-rizea-sailer.pdf},
  publisher = {CSLI Publications},
  address   = {Stanford, CA},
  pages     = {79--99},
  year      = {2019},
}

@inproceedings{rizea-sailer:2019-cr,
  crossref  = {MuellerOsenova2019a-ed},
  author    = {Rizea, Monica-Mihaela and Sailer, Manfred},
  title     = {Representing scales: Degree result clauses and emphatic
negative polarity items in Romanian},
  url       = {http://cslipublications.stanford.edu/HPSG/2019/hpsg2019-rizea-sailer.pdf},
  pages     = {79--99},
}

@inproceedings{webelhuth-bonami:2019,
  author    = {Webelhuth, Gert and Bonami, Olivier},
  title     = {Syntactic haplology and the Dutch proform "er"},
  booktitle = {{Proceedings of the 26th International Conference on Head-Driven Phrase Structure Grammar, University of Bucharest}},
  editor    = {M{\"u}ller, Stefan and Osenova, Petya},
  OPTissn   = {15351793},
  url       = {http://cslipublications.stanford.edu/HPSG/2019/hpsg2019-webelhuth-bonami.pdf},
  publisher = {CSLI Publications},
  address   = {Stanford, CA},
  pages     = {100--119},
  year      = {2019},
}

@inproceedings{webelhuth-bonami:2019-cr,
  crossref  = {MuellerOsenova2019a-ed},
  author    = {Webelhuth, Gert and Bonami, Olivier},
  title     = {Syntactic haplology and the Dutch proform "er"},
  url       = {http://cslipublications.stanford.edu/HPSG/2019/hpsg2019-webelhuth-bonami.pdf},
  pages     = {100--119},
}

