@inproceedings{machicaoypriemer-fritz-huechante:2019,
  author    = {Machicao y Priemer, Antonio and Fritz-Huechante, Paola},
  title     = {Boundaries at play: The 'se' morpheme in the Spanish psych-domain},
  booktitle = {{Proceedings of the 26th International Conference on Head-Driven Phrase Structure Grammar, University of Bucharest}},
  editor    = {M{\"u}ller, Stefan and Osenova, Petya},
  OPTissn   = {15351793},
  url       = {http://cslipublications.stanford.edu/HPSG/2019/hpsg2019-machicaoypriemer-fritz-huechante.pdf},
  publisher = {CSLI Publications},
  address   = {Stanford, CA},
  pages     = {79--95},
  year      = {2019},
}

@inproceedings{machicaoypriemer-fritz-huechante:2019-cr,
  crossref  = {MuellerOsenova2019a-ed},
  author    = {Machicao y Priemer, Antonio and Fritz-Huechante, Paola},
  title     = {Boundaries at play: The 'se' morpheme in the Spanish psych-domain},
  url       = {http://cslipublications.stanford.edu/HPSG/2019/hpsg2019-machicaoypriemer-fritz-huechante.pdf},
  pages     = {79--95},
}

@proceedings{MuellerOsenova2019a-ed,
  editor    = {M{\"u}ller, Stefan and Osenova, Petya},
  title     = {{Proceedings of the 26th International Conference on Head-Driven Phrase Structure Grammar, University of Bucharest}},
  booktitle = {{Proceedings of the 26th International Conference on Head-Driven Phrase Structure Grammar, University of Bucharest}},
  publisher = {CSLI Publications},
  address   = {Stanford, CA},
  OPTissn   = {15351793},
  url       = {http://cslipublications.stanford.edu/HPSG/2019/},
  year      = {2019},
}

