@inproceedings{pullum:2019,
  author    = {Pullum, Geoffrey K.},
  title     = {What grammars are, or ought to be},
  booktitle = {{Proceedings of the 26th International Conference on Head-Driven Phrase Structure Grammar, University of Bucharest}},
  editor    = {M{\"u}ller, Stefan and Osenova, Petya},
  OPTissn   = {15351793},
  url       = {http://cslipublications.stanford.edu/HPSG/2019/hpsg2019-pullum.pdf},
  publisher = {CSLI Publications},
  address   = {Stanford, CA},
  pages     = {58--78},
  year      = {2019},
}

@inproceedings{pullum:2019-cr,
  crossref  = {MuellerOsenova2019a-ed},
  author    = {Pullum, Geoffrey K.},
  title     = {What grammars are, or ought to be},
  url       = {http://cslipublications.stanford.edu/HPSG/2019/hpsg2019-pullum.pdf},
  pages     = {58--78},
}

@proceedings{MuellerOsenova2019a-ed,
  editor    = {M{\"u}ller, Stefan and Osenova, Petya},
  title     = {{Proceedings of the 26th International Conference on Head-Driven Phrase Structure Grammar, University of Bucharest}},
  booktitle = {{Proceedings of the 26th International Conference on Head-Driven Phrase Structure Grammar, University of Bucharest}},
  publisher = {CSLI Publications},
  address   = {Stanford, CA},
  OPTissn   = {15351793},
  url       = {http://cslipublications.stanford.edu/HPSG/2019/},
  year      = {2019},
}

