@inproceedings{rizea-sailer:2019,
  author    = {Rizea, Monica-Mihaela and Sailer, Manfred},
  title     = {Representing scales: Degree result clauses and emphatic
negative polarity items in Romanian},
  booktitle = {{Proceedings of the 26th International Conference on Head-Driven Phrase Structure Grammar, University of Bucharest}},
  editor    = {M{\"u}ller, Stefan and Osenova, Petya},
  OPTissn   = {15351793},
  url       = {http://cslipublications.stanford.edu/HPSG/2019/hpsg2019-rizea-sailer.pdf},
  publisher = {CSLI Publications},
  address   = {Stanford, CA},
  pages     = {79--99},
  year      = {2019},
}

@inproceedings{rizea-sailer:2019-cr,
  crossref  = {MuellerOsenova2019a-ed},
  author    = {Rizea, Monica-Mihaela and Sailer, Manfred},
  title     = {Representing scales: Degree result clauses and emphatic
negative polarity items in Romanian},
  url       = {http://cslipublications.stanford.edu/HPSG/2019/hpsg2019-rizea-sailer.pdf},
  pages     = {79--99},
}

@proceedings{MuellerOsenova2019a-ed,
  editor    = {M{\"u}ller, Stefan and Osenova, Petya},
  title     = {{Proceedings of the 26th International Conference on Head-Driven Phrase Structure Grammar, University of Bucharest}},
  booktitle = {{Proceedings of the 26th International Conference on Head-Driven Phrase Structure Grammar, University of Bucharest}},
  publisher = {CSLI Publications},
  address   = {Stanford, CA},
  OPTissn   = {15351793},
  url       = {http://cslipublications.stanford.edu/HPSG/2019/},
  year      = {2019},
}

