@inproceedings{webelhuth-bonami:2019,
  author    = {Webelhuth, Gert and Bonami, Olivier},
  title     = {Syntactic haplology and the Dutch proform "er"},
  booktitle = {{Proceedings of the 26th International Conference on Head-Driven Phrase Structure Grammar, University of Bucharest}},
  editor    = {M{\"u}ller, Stefan and Osenova, Petya},
  OPTissn   = {15351793},
  url       = {http://cslipublications.stanford.edu/HPSG/2019/hpsg2019-webelhuth-bonami.pdf},
  publisher = {CSLI Publications},
  address   = {Stanford, CA},
  pages     = {100--119},
  year      = {2019},
}

@inproceedings{webelhuth-bonami:2019-cr,
  crossref  = {MuellerOsenova2019a-ed},
  author    = {Webelhuth, Gert and Bonami, Olivier},
  title     = {Syntactic haplology and the Dutch proform "er"},
  url       = {http://cslipublications.stanford.edu/HPSG/2019/hpsg2019-webelhuth-bonami.pdf},
  pages     = {100--119},
}

@proceedings{MuellerOsenova2019a-ed,
  editor    = {M{\"u}ller, Stefan and Osenova, Petya},
  title     = {{Proceedings of the 26th International Conference on Head-Driven Phrase Structure Grammar, University of Bucharest}},
  booktitle = {{Proceedings of the 26th International Conference on Head-Driven Phrase Structure Grammar, University of Bucharest}},
  publisher = {CSLI Publications},
  address   = {Stanford, CA},
  OPTissn   = {15351793},
  url       = {http://cslipublications.stanford.edu/HPSG/2019/},
  year      = {2019},
}

