@inproceedings{:2015,
  author    = {Issa S. AlQurashi},
  title     = {An Analysis of Simple and Construct-State Noun Phrases in Modern Standard Arabic},
  booktitle = {Proceedings of the 22st International Conference on Head-Driven Phrase Structure Grammar, Nanyang Technological University (NTU), Singapore},
  editor    = {Stefan M{\"u}ller},
  OPTissn   = {15351793},
  url       = {http://cslipublications.stanford.edu/HPSG/2015/.pdf},
  publisher = {CSLI Publications},
  address   = {Stanford, CA},
  pages     = {6--6},
  year      = {2015},
}

@inproceedings{:2015-cr,
  crossref  = {Mueller2015a-ed},
  author    = {Issa S. AlQurashi},
  title     = {An Analysis of Simple and Construct-State Noun Phrases in Modern Standard Arabic},
  url       = {http://cslipublications.stanford.edu/HPSG/2015/.pdf},
  pages     = {6--6},
}

@proceedings{Mueller2015a-ed,
  editor    = {Stefan M{\"u}ller},
  title     = {Proceedings of the 22st International Conference on Head-Driven Phrase Structure Grammar, Nanyang Technological University (NTU), Singapore},
  booktitle = {Proceedings of the 22st International Conference on Head-Driven Phrase Structure Grammar, Nanyang Technological University (NTU), Singapore},
  publisher = {CSLI Publications},
  address   = {Stanford, CA},
  OPTissn   = {15351793},
  url       = {http://cslipublications.stanford.edu/HPSG/2015/},
  year      = {2015},
}

