@inproceedings{ahmw:2015,
  author    = {Arad Greshler, Tali and Herzig Sheinfux, Livnat and Melnik, Nurit and Wintner, Shuly},
  title     = {Development of Maximally Reusable Grammars: Parallel Development of Hebrew and Arabic Grammars},
  booktitle = {{Proceedings of the 22nd International Conference on Head-Driven Phrase Structure Grammar, Nanyang Technological University (NTU), Singapore}},
  editor    = {M{\"u}ller, Stefan},
  OPTissn   = {15351793},
  url       = {http://cslipublications.stanford.edu/HPSG/2015/ahmw.pdf},
  publisher = {CSLI Publications},
  address   = {Stanford, CA},
  pages     = {27--40},
  year      = {2015},
}

@inproceedings{ahmw:2015-cr,
  crossref  = {Mueller2015a-ed},
  author    = {Arad Greshler, Tali and Herzig Sheinfux, Livnat and Melnik, Nurit and Wintner, Shuly},
  title     = {Development of Maximally Reusable Grammars: Parallel Development of Hebrew and Arabic Grammars},
  url       = {http://cslipublications.stanford.edu/HPSG/2015/ahmw.pdf},
  pages     = {27--40},
}

@proceedings{Mueller2015a-ed,
  editor    = {M{\"u}ller, Stefan},
  title     = {{Proceedings of the 22nd International Conference on Head-Driven Phrase Structure Grammar, Nanyang Technological University (NTU), Singapore}},
  booktitle = {{Proceedings of the 22nd International Conference on Head-Driven Phrase Structure Grammar, Nanyang Technological University (NTU), Singapore}},
  publisher = {CSLI Publications},
  address   = {Stanford, CA},
  OPTissn   = {15351793},
  url       = {http://cslipublications.stanford.edu/HPSG/2015/},
  year      = {2015},
}

