@inproceedings{alqurashi:2015,
  author    = {AlQurashi, Issa S.},
  title     = {An Analysis of Simple and Construct-State Noun Phrases in Modern Standard Arabic},
  booktitle = {{Proceedings of the 22nd International Conference on Head-Driven Phrase Structure Grammar, Nanyang Technological University (NTU), Singapore}},
  editor    = {M{\"u}ller, Stefan},
  OPTissn   = {15351793},
  url       = {http://cslipublications.stanford.edu/HPSG/2015/alqurashi.pdf},
  publisher = {CSLI Publications},
  address   = {Stanford, CA},
  pages     = {6--26},
  year      = {2015},
}

@inproceedings{alqurashi:2015-cr,
  crossref  = {Mueller2015a-ed},
  author    = {AlQurashi, Issa S.},
  title     = {An Analysis of Simple and Construct-State Noun Phrases in Modern Standard Arabic},
  url       = {http://cslipublications.stanford.edu/HPSG/2015/alqurashi.pdf},
  pages     = {6--26},
}

@proceedings{Mueller2015a-ed,
  editor    = {M{\"u}ller, Stefan},
  title     = {{Proceedings of the 22nd International Conference on Head-Driven Phrase Structure Grammar, Nanyang Technological University (NTU), Singapore}},
  booktitle = {{Proceedings of the 22nd International Conference on Head-Driven Phrase Structure Grammar, Nanyang Technological University (NTU), Singapore}},
  publisher = {CSLI Publications},
  address   = {Stanford, CA},
  OPTissn   = {15351793},
  url       = {http://cslipublications.stanford.edu/HPSG/2015/},
  year      = {2015},
}

