@inproceedings{arnold-spencer:2015,
  author    = {Arnold, Doug and Spencer, Andrew},
  title     = {A Constructional Analysis for the Skeptical},
  booktitle = {{Proceedings of the 22nd International Conference on Head-Driven Phrase Structure Grammar, Nanyang Technological University (NTU), Singapore}},
  editor    = {M{\"u}ller, Stefan},
  OPTissn   = {15351793},
  url       = {http://cslipublications.stanford.edu/HPSG/2015/arnold-spencer.pdf},
  publisher = {CSLI Publications},
  address   = {Stanford, CA},
  pages     = {41--60},
  year      = {2015},
}

@inproceedings{arnold-spencer:2015-cr,
  crossref  = {Mueller2015a-ed},
  author    = {Arnold, Doug and Spencer, Andrew},
  title     = {A Constructional Analysis for the Skeptical},
  url       = {http://cslipublications.stanford.edu/HPSG/2015/arnold-spencer.pdf},
  pages     = {41--60},
}

@proceedings{Mueller2015a-ed,
  editor    = {M{\"u}ller, Stefan},
  title     = {{Proceedings of the 22nd International Conference on Head-Driven Phrase Structure Grammar, Nanyang Technological University (NTU), Singapore}},
  booktitle = {{Proceedings of the 22nd International Conference on Head-Driven Phrase Structure Grammar, Nanyang Technological University (NTU), Singapore}},
  publisher = {CSLI Publications},
  address   = {Stanford, CA},
  OPTissn   = {15351793},
  url       = {http://cslipublications.stanford.edu/HPSG/2015/},
  year      = {2015},
}

