@inproceedings{bhf:2015,
  author    = {Bond, Francis and Ho, Jia Qian and Flickinger, Dan},
  title     = {Feeling our way to an analysis of English possessed idioms},
  booktitle = {{Proceedings of the 22nd International Conference on Head-Driven Phrase Structure Grammar, Nanyang Technological University (NTU), Singapore}},
  editor    = {M{\"u}ller, Stefan},
  OPTissn   = {15351793},
  url       = {http://cslipublications.stanford.edu/HPSG/2015/bhf.pdf},
  publisher = {CSLI Publications},
  address   = {Stanford, CA},
  pages     = {61--74},
  year      = {2015},
}

@inproceedings{bhf:2015-cr,
  crossref  = {Mueller2015a-ed},
  author    = {Bond, Francis and Ho, Jia Qian and Flickinger, Dan},
  title     = {Feeling our way to an analysis of English possessed idioms},
  url       = {http://cslipublications.stanford.edu/HPSG/2015/bhf.pdf},
  pages     = {61--74},
}

@proceedings{Mueller2015a-ed,
  editor    = {M{\"u}ller, Stefan},
  title     = {{Proceedings of the 22nd International Conference on Head-Driven Phrase Structure Grammar, Nanyang Technological University (NTU), Singapore}},
  booktitle = {{Proceedings of the 22nd International Conference on Head-Driven Phrase Structure Grammar, Nanyang Technological University (NTU), Singapore}},
  publisher = {CSLI Publications},
  address   = {Stanford, CA},
  OPTissn   = {15351793},
  url       = {http://cslipublications.stanford.edu/HPSG/2015/},
  year      = {2015},
}

