@inproceedings{bhh:2015,
  author    = {Bond, Francis and Ho, Jia Qian and Dan Flikinger},
  title     = {Building Zhong, a Chinese HPSG Shared-Grammar},
  booktitle = {Proceedings of the 22nd International Conference on Head-Driven Phrase Structure Grammar, Nanyang Technological University (NTU), Singapore},
  editor    = {Stefan M{\"u}ller},
  OPTissn   = {15351793},
  url       = {http://cslipublications.stanford.edu/HPSG/2015/bhh.pdf},
  publisher = {CSLI Publications},
  address   = {Stanford, CA},
  pages     = {61--61},
  year      = {2015},
}

@inproceedings{bhh:2015-cr,
  crossref  = {Mueller2015a-ed},
  author    = {Bond, Francis and Ho, Jia Qian and Dan Flikinger},
  title     = {Building Zhong, a Chinese HPSG Shared-Grammar},
  url       = {http://cslipublications.stanford.edu/HPSG/2015/bhh.pdf},
  pages     = {61--61},
}

@proceedings{Mueller2015a-ed,
  editor    = {Stefan M{\"u}ller},
  title     = {Proceedings of the 22nd International Conference on Head-Driven Phrase Structure Grammar, Nanyang Technological University (NTU), Singapore},
  booktitle = {Proceedings of the 22nd International Conference on Head-Driven Phrase Structure Grammar, Nanyang Technological University (NTU), Singapore},
  publisher = {CSLI Publications},
  address   = {Stanford, CA},
  OPTissn   = {15351793},
  url       = {http://cslipublications.stanford.edu/HPSG/2015/},
  year      = {2015},
}

