@inproceedings{emerson-copestake:2015,
  author    = {Emerson, Guy and Copestake, Ann},
  title     = {Lacking Integrity: HPSG as a Morphosyntactic Theory},
  booktitle = {{Proceedings of the 22nd International Conference on Head-Driven Phrase Structure Grammar, Nanyang Technological University (NTU), Singapore}},
  editor    = {M{\"u}ller, Stefan},
  OPTissn   = {15351793},
  url       = {http://cslipublications.stanford.edu/HPSG/2015/emerson-copestake.pdf},
  publisher = {CSLI Publications},
  address   = {Stanford, CA},
  pages     = {75--95},
  year      = {2015},
}

@inproceedings{emerson-copestake:2015-cr,
  crossref  = {Mueller2015a-ed},
  author    = {Emerson, Guy and Copestake, Ann},
  title     = {Lacking Integrity: HPSG as a Morphosyntactic Theory},
  url       = {http://cslipublications.stanford.edu/HPSG/2015/emerson-copestake.pdf},
  pages     = {75--95},
}

@proceedings{Mueller2015a-ed,
  editor    = {M{\"u}ller, Stefan},
  title     = {{Proceedings of the 22nd International Conference on Head-Driven Phrase Structure Grammar, Nanyang Technological University (NTU), Singapore}},
  booktitle = {{Proceedings of the 22nd International Conference on Head-Driven Phrase Structure Grammar, Nanyang Technological University (NTU), Singapore}},
  publisher = {CSLI Publications},
  address   = {Stanford, CA},
  OPTissn   = {15351793},
  url       = {http://cslipublications.stanford.edu/HPSG/2015/},
  year      = {2015},
}

