@inproceedings{fsb:2015,
  author    = {Fan, Zhenzhen and Song, Sanghoun and Bond, Francis},
  title     = {Building Zhong, a Chinese HPSG Shared-Grammar},
  booktitle = {{Proceedings of the 22nd International Conference on Head-Driven Phrase Structure Grammar, Nanyang Technological University (NTU), Singapore}},
  editor    = {M{\"u}ller, Stefan},
  OPTissn   = {15351793},
  url       = {http://cslipublications.stanford.edu/HPSG/2015/fsb.pdf},
  publisher = {CSLI Publications},
  address   = {Stanford, CA},
  pages     = {96--109},
  year      = {2015},
}

@inproceedings{fsb:2015-cr,
  crossref  = {Mueller2015a-ed},
  author    = {Fan, Zhenzhen and Song, Sanghoun and Bond, Francis},
  title     = {Building Zhong, a Chinese HPSG Shared-Grammar},
  url       = {http://cslipublications.stanford.edu/HPSG/2015/fsb.pdf},
  pages     = {96--109},
}

@proceedings{Mueller2015a-ed,
  editor    = {M{\"u}ller, Stefan},
  title     = {{Proceedings of the 22nd International Conference on Head-Driven Phrase Structure Grammar, Nanyang Technological University (NTU), Singapore}},
  booktitle = {{Proceedings of the 22nd International Conference on Head-Driven Phrase Structure Grammar, Nanyang Technological University (NTU), Singapore}},
  publisher = {CSLI Publications},
  address   = {Stanford, CA},
  OPTissn   = {15351793},
  url       = {http://cslipublications.stanford.edu/HPSG/2015/},
  year      = {2015},
}

