@inproceedings{hamw:2015,
  author    = {Herzig Sheinfux, Livnat and Arad Greshler, Tali and Melnik, Nurit and Wintner, Shuly},
  title     = {Hebrew Verbal Multi-Word Expressions},
  booktitle = {{Proceedings of the 22nd International Conference on Head-Driven Phrase Structure Grammar, Nanyang Technological University (NTU), Singapore}},
  editor    = {M{\"u}ller, Stefan},
  OPTissn   = {15351793},
  url       = {http://cslipublications.stanford.edu/HPSG/2015/hamw.pdf},
  publisher = {CSLI Publications},
  address   = {Stanford, CA},
  pages     = {122--135},
  year      = {2015},
}

@inproceedings{hamw:2015-cr,
  crossref  = {Mueller2015a-ed},
  author    = {Herzig Sheinfux, Livnat and Arad Greshler, Tali and Melnik, Nurit and Wintner, Shuly},
  title     = {Hebrew Verbal Multi-Word Expressions},
  url       = {http://cslipublications.stanford.edu/HPSG/2015/hamw.pdf},
  pages     = {122--135},
}

@proceedings{Mueller2015a-ed,
  editor    = {M{\"u}ller, Stefan},
  title     = {{Proceedings of the 22nd International Conference on Head-Driven Phrase Structure Grammar, Nanyang Technological University (NTU), Singapore}},
  booktitle = {{Proceedings of the 22nd International Conference on Head-Driven Phrase Structure Grammar, Nanyang Technological University (NTU), Singapore}},
  publisher = {CSLI Publications},
  address   = {Stanford, CA},
  OPTissn   = {15351793},
  url       = {http://cslipublications.stanford.edu/HPSG/2015/},
  year      = {2015},
}

