@inproceedings{haugereid:2015,
  author    = {Haugereid, Petter},
  title     = {Unique lexical entries in a subconstructional grammar},
  booktitle = {{Proceedings of the 22nd International Conference on Head-Driven Phrase Structure Grammar, Nanyang Technological University (NTU), Singapore}},
  editor    = {M{\"u}ller, Stefan},
  OPTissn   = {15351793},
  url       = {http://cslipublications.stanford.edu/HPSG/2015/haugereid.pdf},
  publisher = {CSLI Publications},
  address   = {Stanford, CA},
  pages     = {110--121},
  year      = {2015},
}

@inproceedings{haugereid:2015-cr,
  crossref  = {Mueller2015a-ed},
  author    = {Haugereid, Petter},
  title     = {Unique lexical entries in a subconstructional grammar},
  url       = {http://cslipublications.stanford.edu/HPSG/2015/haugereid.pdf},
  pages     = {110--121},
}

@proceedings{Mueller2015a-ed,
  editor    = {M{\"u}ller, Stefan},
  title     = {{Proceedings of the 22nd International Conference on Head-Driven Phrase Structure Grammar, Nanyang Technological University (NTU), Singapore}},
  booktitle = {{Proceedings of the 22nd International Conference on Head-Driven Phrase Structure Grammar, Nanyang Technological University (NTU), Singapore}},
  publisher = {CSLI Publications},
  address   = {Stanford, CA},
  OPTissn   = {15351793},
  url       = {http://cslipublications.stanford.edu/HPSG/2015/},
  year      = {2015},
}

