@proceedings{Mueller2015a-ed,
  editor    = {Stefan M{\"u}ller},
  title     = {Proceedings of the 22nd International Conference on Head-Driven Phrase Structure Grammar, Nanyang Technological University (NTU), Singapore},
  booktitle = {Proceedings of the 22nd International Conference on Head-Driven Phrase Structure Grammar, Nanyang Technological University (NTU), Singapore},
  url       = {http://cslipublications.stanford.edu/HPSG/2015/},
  publisher = {CSLI Publications},
  dateofsubmission={11.01.2015 (11:24:01)},  
  address   = {Stanford, CA},
  OPTissn   = {15351793},
  year      = {2015},
}

@inproceedings{alqurashi:2015,
  author    = {AlQurashi, Issa S.},
  title     = {An Analysis of Simple and Construct-State Noun Phrases in Modern Standard Arabic},
  booktitle = {Proceedings of the 22nd International Conference on Head-Driven Phrase Structure Grammar, Nanyang Technological University (NTU), Singapore},
  editor    = {Stefan M{\"u}ller},
  OPTissn   = {15351793},
  url       = {http://cslipublications.stanford.edu/HPSG/2015/alqurashi.pdf},
  dateofsubmission={11.01.2015 (11:24:01)},  
  publisher = {CSLI Publications},
  address   = {Stanford, CA},
  pages     = {6--26},
  year      = {2015},
}


@inproceedings{ahmw:2015,
  author    = {Arad Greshler, Tali and Herzig Sheinfux, Livnat and Melnik, Nurit and Wintner, Shuly},
  title     = {Development of Maximally Reusable Grammars: Parallel Development of Hebrew and Arabic Grammars},
  booktitle = {Proceedings of the 22nd International Conference on Head-Driven Phrase Structure Grammar, Nanyang Technological University (NTU), Singapore},
  editor    = {Stefan M{\"u}ller},
  OPTissn   = {15351793},
  url       = {http://cslipublications.stanford.edu/HPSG/2015/ahmw.pdf},
  dateofsubmission={11.01.2015 (11:24:01)},  
  publisher = {CSLI Publications},
  address   = {Stanford, CA},
  pages     = {27--40},
  year      = {2015},
}


@inproceedings{arnold-spencer:2015,
  author    = {Arnold, Doug and Spencer, Andrew},
  title     = {A Constructional Analysis for the Skeptical},
  booktitle = {Proceedings of the 22nd International Conference on Head-Driven Phrase Structure Grammar, Nanyang Technological University (NTU), Singapore},
  editor    = {Stefan M{\"u}ller},
  OPTissn   = {15351793},
  url       = {http://cslipublications.stanford.edu/HPSG/2015/arnold-spencer.pdf},
  dateofsubmission={11.01.2015 (11:24:01)},  
  publisher = {CSLI Publications},
  address   = {Stanford, CA},
  pages     = {41--60},
  year      = {2015},
}


@inproceedings{bhf:2015,
  author    = {Bond, Francis and Ho, Jia Qian and Flickinger, Dan},
  title     = {Feeling our way to an analysis of English possessed idioms},
  booktitle = {Proceedings of the 22nd International Conference on Head-Driven Phrase Structure Grammar, Nanyang Technological University (NTU), Singapore},
  editor    = {Stefan M{\"u}ller},
  dateofsubmission={11.01.2015 (11:24:01)},  
  OPTissn   = {15351793},
  url       = {http://cslipublications.stanford.edu/HPSG/2015/bhf.pdf},
  publisher = {CSLI Publications},
  address   = {Stanford, CA},
  pages     = {61--74},
  year      = {2015},
}


@inproceedings{emerson-copestake:2015,
  author    = {Emerson, Guy and Copestake, Ann},
  title     = {Lacking Integrity: HPSG as a Morphosyntactic Theory},
  booktitle = {Proceedings of the 22nd International Conference on Head-Driven Phrase Structure Grammar, Nanyang Technological University (NTU), Singapore},
  editor    = {Stefan M{\"u}ller},
  OPTissn   = {15351793},
  url       = {http://cslipublications.stanford.edu/HPSG/2015/emerson-copestake.pdf},
  dateofsubmission={11.01.2015 (11:24:01)},  
  publisher = {CSLI Publications},
  address   = {Stanford, CA},
  pages     = {75--95},
  year      = {2015},
}


@inproceedings{fsb:2015,
  author    = {Fan, Zhenzhen and Song, Sanghoun and Bond, Francis},
  title     = {Building Zhong, a Chinese HPSG Shared-Grammar},
  booktitle = {Proceedings of the 22nd International Conference on Head-Driven Phrase Structure Grammar, Nanyang Technological University (NTU), Singapore},
  editor    = {Stefan M{\"u}ller},
  dateofsubmission={11.01.2015 (11:24:01)},  
  OPTissn   = {15351793},
  url       = {http://cslipublications.stanford.edu/HPSG/2015/fsb.pdf},
  publisher = {CSLI Publications},
  address   = {Stanford, CA},
  pages     = {96--109},
  year      = {2015},
}


@inproceedings{haugereid:2015,
  author    = {Haugereid, Petter},
  title     = {Unique lexical entries in a subconstructional grammar},
  booktitle = {Proceedings of the 22nd International Conference on Head-Driven Phrase Structure Grammar, Nanyang Technological University (NTU), Singapore},
  dateofsubmission={11.01.2015 (11:24:01)},  
  editor    = {Stefan M{\"u}ller},
  OPTissn   = {15351793},
  url       = {http://cslipublications.stanford.edu/HPSG/2015/haugereid.pdf},
  publisher = {CSLI Publications},
  address   = {Stanford, CA},
  pages     = {110--121},
  year      = {2015},
}


@inproceedings{hamw:2015,
  author    = {Herzig Sheinfux, Livnat and Arad Greshler, Tali and Melnik, Nurit and Wintner, Shuly},
  title     = {Hebrew Verbal Multi-Word Expressions},
  booktitle = {Proceedings of the 22nd International Conference on Head-Driven Phrase Structure Grammar, Nanyang Technological University (NTU), Singapore},
  editor    = {Stefan M{\"u}ller},
  OPTissn   = {15351793},
  url       = {http://cslipublications.stanford.edu/HPSG/2015/hamw.pdf},
  dateofsubmission={11.01.2015 (11:24:01)},  
  publisher = {CSLI Publications},
  address   = {Stanford, CA},
  pages     = {122--135},
  year      = {2015},
}


@inproceedings{maekawa:2015,
  author    = {Maekawa, Takafumi},
  title     = {`Agreement mismatch' between sort/kind/type and the determiner},
  booktitle = {Proceedings of the 22nd International Conference on Head-Driven Phrase Structure Grammar, Nanyang Technological University (NTU), Singapore},
  editor    = {Stefan M{\"u}ller},
  OPTissn   = {15351793},
  dateofsubmission={11.01.2015 (11:24:01)},  
  url       = {http://cslipublications.stanford.edu/HPSG/2015/maekawa.pdf},
  publisher = {CSLI Publications},
  address   = {Stanford, CA},
  pages     = {136--156},
  year      = {2015},
}


@inproceedings{oshima:2015,
  author    = {Oshima, David Y.},
  title     = {Ellipsis of SAY, THINK, and DO in Japanese subordinate clauses: A constructional analysis},
  dateofsubmission={11.01.2015 (11:24:01)},  
  booktitle = {Proceedings of the 22nd International Conference on Head-Driven Phrase Structure Grammar, Nanyang Technological University (NTU), Singapore},
  editor    = {Stefan M{\"u}ller},
  OPTissn   = {15351793},
  url       = {http://cslipublications.stanford.edu/HPSG/2015/oshima.pdf},
  publisher = {CSLI Publications},
  address   = {Stanford, CA},
  pages     = {157--176},
  year      = {2015},
}


@inproceedings{sio-song:2015,
  author    = {Sio, Joanna Ut-Seong and Song, Sanghoun},
  title     = {Divergence in Expressing Definiteness between {Mandarin} and {Cantonese}},
  booktitle = {Proceedings of the 22nd International Conference on Head-Driven Phrase Structure Grammar, Nanyang Technological University (NTU), Singapore},
  editor    = {Stefan M{\"u}ller},
  dateofsubmission={11.01.2015 (11:24:01)},  
  OPTissn   = {15351793},
  url       = {http://cslipublications.stanford.edu/HPSG/2015/sio-song.pdf},
  publisher = {CSLI Publications},
  address   = {Stanford, CA},
  pages     = {177--194},
  year      = {2015},
}


@inproceedings{wsb:2015,
  author    = {Wang, Wenjie and Song, Sanghoun and Bond, Francis},
  title     = {A Constraint-based Analysis of A-NOT-A Questions in Mandarin Chinese},
  booktitle = {Proceedings of the 22nd International Conference on Head-Driven Phrase Structure Grammar, Nanyang Technological University (NTU), Singapore},
  editor    = {Stefan M{\"u}ller},
  dateofsubmission={11.01.2015 (11:24:01)},  
  OPTissn   = {15351793},
  url       = {http://cslipublications.stanford.edu/HPSG/2015/wsb.pdf},
  publisher = {CSLI Publications},
  address   = {Stanford, CA},
  pages     = {195--214},
  year      = {2015},
}


@inproceedings{kratochvil-delpada:2015,
  author    = {Kratochvil, Frantisek and Delpada, Benidiktus},
  title     = {Degrees of affectedness and verbal prefixation in Abui (Papuan)},
  booktitle = {Proceedings of the 22nd International Conference on Head-Driven Phrase Structure Grammar, Nanyang Technological University (NTU), Singapore},
  editor    = {Stefan M{\"u}ller},
  OPTissn   = {15351793},
  dateofsubmission={11.01.2015 (11:24:01)},  
  url       = {http://cslipublications.stanford.edu/HPSG/2015/kratochvil-delpada.pdf},
  publisher = {CSLI Publications},
  address   = {Stanford, CA},
  pages     = {216--233},
  year      = {2015},
}


@inproceedings{sio:2015,
  author    = {Sio, Joanna Ut-Seong},
  title     = {Scalarity and the Cantonese post-verbal
particle \emph{can1}},
  booktitle = {Proceedings of the 22nd International Conference on Head-Driven Phrase Structure Grammar, Nanyang Technological University (NTU), Singapore},
  dateofsubmission={11.01.2015 (11:24:01)},  
  editor    = {Stefan M{\"u}ller},
  OPTissn   = {15351793},
  url       = {http://cslipublications.stanford.edu/HPSG/2015/sio.pdf},
  publisher = {CSLI Publications},
  address   = {Stanford, CA},
  pages     = {234--241},
  year      = {2015},
}


