@inproceedings{kratochvil-delpada:2015,
  author    = {Kratochvíl, František and Delpada, Benidiktus},
  title     = {Degrees of affectedness and verbal prefixation in Abui (Papuan)},
  booktitle = {{Proceedings of the 22nd International Conference on Head-Driven Phrase Structure Grammar, Nanyang Technological University (NTU), Singapore}},
  editor    = {M{\"u}ller, Stefan},
  OPTissn   = {15351793},
  url       = {http://cslipublications.stanford.edu/HPSG/2015/kratochvil-delpada.pdf},
  publisher = {CSLI Publications},
  address   = {Stanford, CA},
  pages     = {216--233},
  year      = {2015},
}

@inproceedings{kratochvil-delpada:2015-cr,
  crossref  = {Mueller2015a-ed},
  author    = {Kratochvíl, František and Delpada, Benidiktus},
  title     = {Degrees of affectedness and verbal prefixation in Abui (Papuan)},
  url       = {http://cslipublications.stanford.edu/HPSG/2015/kratochvil-delpada.pdf},
  pages     = {216--233},
}

@proceedings{Mueller2015a-ed,
  editor    = {M{\"u}ller, Stefan},
  title     = {{Proceedings of the 22nd International Conference on Head-Driven Phrase Structure Grammar, Nanyang Technological University (NTU), Singapore}},
  booktitle = {{Proceedings of the 22nd International Conference on Head-Driven Phrase Structure Grammar, Nanyang Technological University (NTU), Singapore}},
  publisher = {CSLI Publications},
  address   = {Stanford, CA},
  OPTissn   = {15351793},
  url       = {http://cslipublications.stanford.edu/HPSG/2015/},
  year      = {2015},
}

