@inproceedings{lee:2015,
  author    = {Lee, Juwon},
  title     = {Semantic Taxonomies and NP-coordinations},
  booktitle = {Proceedings of the 22nd International Conference on Head-Driven Phrase Structure Grammar, Nanyang Technological University (NTU), Singapore},
  editor    = {Stefan M{\"u}ller},
  OPTissn   = {15351793},
  url       = {http://cslipublications.stanford.edu/HPSG/2015/lee.pdf},
  publisher = {CSLI Publications},
  address   = {Stanford, CA},
  pages     = {87--87},
  year      = {2015},
}

@inproceedings{lee:2015-cr,
  crossref  = {Mueller2015a-ed},
  author    = {Lee, Juwon},
  title     = {Semantic Taxonomies and NP-coordinations},
  url       = {http://cslipublications.stanford.edu/HPSG/2015/lee.pdf},
  pages     = {87--87},
}

@proceedings{Mueller2015a-ed,
  editor    = {Stefan M{\"u}ller},
  title     = {Proceedings of the 22nd International Conference on Head-Driven Phrase Structure Grammar, Nanyang Technological University (NTU), Singapore},
  booktitle = {Proceedings of the 22nd International Conference on Head-Driven Phrase Structure Grammar, Nanyang Technological University (NTU), Singapore},
  publisher = {CSLI Publications},
  address   = {Stanford, CA},
  OPTissn   = {15351793},
  url       = {http://cslipublications.stanford.edu/HPSG/2015/},
  year      = {2015},
}

