@inproceedings{maekawa:2015,
  author    = {Maekawa, Takafumi},
  title     = {`Agreement mismatch' between sort/kind/type and the determiner},
  booktitle = {{Proceedings of the 22nd International Conference on Head-Driven Phrase Structure Grammar, Nanyang Technological University (NTU), Singapore}},
  editor    = {M{\"u}ller, Stefan},
  OPTissn   = {15351793},
  url       = {http://cslipublications.stanford.edu/HPSG/2015/maekawa.pdf},
  publisher = {CSLI Publications},
  address   = {Stanford, CA},
  pages     = {136--156},
  year      = {2015},
}

@inproceedings{maekawa:2015-cr,
  crossref  = {Mueller2015a-ed},
  author    = {Maekawa, Takafumi},
  title     = {`Agreement mismatch' between sort/kind/type and the determiner},
  url       = {http://cslipublications.stanford.edu/HPSG/2015/maekawa.pdf},
  pages     = {136--156},
}

@proceedings{Mueller2015a-ed,
  editor    = {M{\"u}ller, Stefan},
  title     = {{Proceedings of the 22nd International Conference on Head-Driven Phrase Structure Grammar, Nanyang Technological University (NTU), Singapore}},
  booktitle = {{Proceedings of the 22nd International Conference on Head-Driven Phrase Structure Grammar, Nanyang Technological University (NTU), Singapore}},
  publisher = {CSLI Publications},
  address   = {Stanford, CA},
  OPTissn   = {15351793},
  url       = {http://cslipublications.stanford.edu/HPSG/2015/},
  year      = {2015},
}

