@inproceedings{oshima:2015,
  author    = {Oshima, David Y.},
  title     = {Ellipsis of SAY, THINK, and DO in Japanese subordinate clauses: A constructional analysis},
  booktitle = {{Proceedings of the 22nd International Conference on Head-Driven Phrase Structure Grammar, Nanyang Technological University (NTU), Singapore}},
  editor    = {M{\"u}ller, Stefan},
  OPTissn   = {15351793},
  url       = {http://cslipublications.stanford.edu/HPSG/2015/oshima.pdf},
  publisher = {CSLI Publications},
  address   = {Stanford, CA},
  pages     = {157--176},
  year      = {2015},
}

@inproceedings{oshima:2015-cr,
  crossref  = {Mueller2015a-ed},
  author    = {Oshima, David Y.},
  title     = {Ellipsis of SAY, THINK, and DO in Japanese subordinate clauses: A constructional analysis},
  url       = {http://cslipublications.stanford.edu/HPSG/2015/oshima.pdf},
  pages     = {157--176},
}

@proceedings{Mueller2015a-ed,
  editor    = {M{\"u}ller, Stefan},
  title     = {{Proceedings of the 22nd International Conference on Head-Driven Phrase Structure Grammar, Nanyang Technological University (NTU), Singapore}},
  booktitle = {{Proceedings of the 22nd International Conference on Head-Driven Phrase Structure Grammar, Nanyang Technological University (NTU), Singapore}},
  publisher = {CSLI Publications},
  address   = {Stanford, CA},
  OPTissn   = {15351793},
  url       = {http://cslipublications.stanford.edu/HPSG/2015/},
  year      = {2015},
}

