@inproceedings{riañorufilanchas,riano:2015,
  author    = {Riaño Rufilanchas, Riano, Daniel},
  title     = {October 21st, 2015},
  booktitle = {Proceedings of the 22nd International Conference on Head-Driven Phrase Structure Grammar, Nanyang Technological University (NTU), Singapore},
  editor    = {Stefan M{\"u}ller},
  OPTissn   = {15351793},
  url       = {http://cslipublications.stanford.edu/HPSG/2015/riañorufilanchas,riano.pdf},
  publisher = {CSLI Publications},
  address   = {Stanford, CA},
  pages     = {243--243},
  year      = {2015},
}

@inproceedings{riañorufilanchas,riano:2015-cr,
  crossref  = {Mueller2015a-ed},
  author    = {Riaño Rufilanchas, Riano, Daniel},
  title     = {October 21st, 2015},
  url       = {http://cslipublications.stanford.edu/HPSG/2015/riañorufilanchas,riano.pdf},
  pages     = {243--243},
}

@proceedings{Mueller2015a-ed,
  editor    = {Stefan M{\"u}ller},
  title     = {Proceedings of the 22nd International Conference on Head-Driven Phrase Structure Grammar, Nanyang Technological University (NTU), Singapore},
  booktitle = {Proceedings of the 22nd International Conference on Head-Driven Phrase Structure Grammar, Nanyang Technological University (NTU), Singapore},
  publisher = {CSLI Publications},
  address   = {Stanford, CA},
  OPTissn   = {15351793},
  url       = {http://cslipublications.stanford.edu/HPSG/2015/},
  year      = {2015},
}

