@inproceedings{sio-joannaut-seong:2015,
  author    = {Sio, Joanna Ut-Seong},
  title     = {Scalarity and the Cantonese post-verbal particle \emph{can1}},
  booktitle = {Proceedings of the 22nd International Conference on Head-Driven Phrase Structure Grammar, Nanyang Technological University (NTU), Singapore},
  editor    = {Stefan M{\"u}ller},
  OPTissn   = {15351793},
  url       = {http://cslipublications.stanford.edu/HPSG/2015/sio-joannaut-seong.pdf},
  publisher = {CSLI Publications},
  address   = {Stanford, CA},
  pages     = {220--220},
  year      = {2015},
}

@inproceedings{sio-joannaut-seong:2015-cr,
  crossref  = {Mueller2015a-ed},
  author    = {Sio, Joanna Ut-Seong},
  title     = {Scalarity and the Cantonese post-verbal particle \emph{can1}},
  url       = {http://cslipublications.stanford.edu/HPSG/2015/sio-joannaut-seong.pdf},
  pages     = {220--220},
}

@proceedings{Mueller2015a-ed,
  editor    = {Stefan M{\"u}ller},
  title     = {Proceedings of the 22nd International Conference on Head-Driven Phrase Structure Grammar, Nanyang Technological University (NTU), Singapore},
  booktitle = {Proceedings of the 22nd International Conference on Head-Driven Phrase Structure Grammar, Nanyang Technological University (NTU), Singapore},
  publisher = {CSLI Publications},
  address   = {Stanford, CA},
  OPTissn   = {15351793},
  url       = {http://cslipublications.stanford.edu/HPSG/2015/},
  year      = {2015},
}

