@inproceedings{sio-song:2015,
  author    = {Sio, Joanna Ut-Seong and Song, Sanghoun},
  title     = {Divergence in Expressing Definiteness between {Mandarin} and {Cantonese}},
  booktitle = {{Proceedings of the 22nd International Conference on Head-Driven Phrase Structure Grammar, Nanyang Technological University (NTU), Singapore}},
  editor    = {M{\"u}ller, Stefan},
  OPTissn   = {15351793},
  url       = {http://cslipublications.stanford.edu/HPSG/2015/sio-song.pdf},
  publisher = {CSLI Publications},
  address   = {Stanford, CA},
  pages     = {177--194},
  year      = {2015},
}

@inproceedings{sio-song:2015-cr,
  crossref  = {Mueller2015a-ed},
  author    = {Sio, Joanna Ut-Seong and Song, Sanghoun},
  title     = {Divergence in Expressing Definiteness between {Mandarin} and {Cantonese}},
  url       = {http://cslipublications.stanford.edu/HPSG/2015/sio-song.pdf},
  pages     = {177--194},
}

@proceedings{Mueller2015a-ed,
  editor    = {M{\"u}ller, Stefan},
  title     = {{Proceedings of the 22nd International Conference on Head-Driven Phrase Structure Grammar, Nanyang Technological University (NTU), Singapore}},
  booktitle = {{Proceedings of the 22nd International Conference on Head-Driven Phrase Structure Grammar, Nanyang Technological University (NTU), Singapore}},
  publisher = {CSLI Publications},
  address   = {Stanford, CA},
  OPTissn   = {15351793},
  url       = {http://cslipublications.stanford.edu/HPSG/2015/},
  year      = {2015},
}

