@inproceedings{sio:2015,
  author    = {Sio, Joanna Ut-Seong},
  title     = {Scalarity and the Cantonese post-verbal
particle \emph{can1}},
  booktitle = {{Proceedings of the 22nd International Conference on Head-Driven Phrase Structure Grammar, Nanyang Technological University (NTU), Singapore}},
  editor    = {M{\"u}ller, Stefan},
  OPTissn   = {15351793},
  url       = {http://cslipublications.stanford.edu/HPSG/2015/sio.pdf},
  publisher = {CSLI Publications},
  address   = {Stanford, CA},
  pages     = {234--241},
  year      = {2015},
}

@inproceedings{sio:2015-cr,
  crossref  = {Mueller2015a-ed},
  author    = {Sio, Joanna Ut-Seong},
  title     = {Scalarity and the Cantonese post-verbal
particle \emph{can1}},
  url       = {http://cslipublications.stanford.edu/HPSG/2015/sio.pdf},
  pages     = {234--241},
}

@proceedings{Mueller2015a-ed,
  editor    = {M{\"u}ller, Stefan},
  title     = {{Proceedings of the 22nd International Conference on Head-Driven Phrase Structure Grammar, Nanyang Technological University (NTU), Singapore}},
  booktitle = {{Proceedings of the 22nd International Conference on Head-Driven Phrase Structure Grammar, Nanyang Technological University (NTU), Singapore}},
  publisher = {CSLI Publications},
  address   = {Stanford, CA},
  OPTissn   = {15351793},
  url       = {http://cslipublications.stanford.edu/HPSG/2015/},
  year      = {2015},
}

