@inproceedings{wsb:2015,
  author    = {Wang, Wenjie and Song, Sanghoun and Bond, Francis},
  title     = {A Constraint-based Analysis of A-NOT-A Questions in Mandarin Chinese},
  booktitle = {{Proceedings of the 22nd International Conference on Head-Driven Phrase Structure Grammar, Nanyang Technological University (NTU), Singapore}},
  editor    = {M{\"u}ller, Stefan},
  OPTissn   = {15351793},
  url       = {http://cslipublications.stanford.edu/HPSG/2015/wsb.pdf},
  publisher = {CSLI Publications},
  address   = {Stanford, CA},
  pages     = {195--214},
  year      = {2015},
}

@inproceedings{wsb:2015-cr,
  crossref  = {Mueller2015a-ed},
  author    = {Wang, Wenjie and Song, Sanghoun and Bond, Francis},
  title     = {A Constraint-based Analysis of A-NOT-A Questions in Mandarin Chinese},
  url       = {http://cslipublications.stanford.edu/HPSG/2015/wsb.pdf},
  pages     = {195--214},
}

@proceedings{Mueller2015a-ed,
  editor    = {M{\"u}ller, Stefan},
  title     = {{Proceedings of the 22nd International Conference on Head-Driven Phrase Structure Grammar, Nanyang Technological University (NTU), Singapore}},
  booktitle = {{Proceedings of the 22nd International Conference on Head-Driven Phrase Structure Grammar, Nanyang Technological University (NTU), Singapore}},
  publisher = {CSLI Publications},
  address   = {Stanford, CA},
  OPTissn   = {15351793},
  url       = {http://cslipublications.stanford.edu/HPSG/2015/},
  year      = {2015},
}

