@inproceedings{yatsuhiro:2015,
  author    = {Yatsuhiro, Kazuko},
  title     = {October 15, 2015},
  booktitle = {Proceedings of the 22nd International Conference on Head-Driven Phrase Structure Grammar, Nanyang Technological University (NTU), Singapore},
  editor    = {Stefan M{\"u}ller},
  OPTissn   = {15351793},
  url       = {http://cslipublications.stanford.edu/HPSG/2015/yatsuhiro.pdf},
  publisher = {CSLI Publications},
  address   = {Stanford, CA},
  pages     = {216--216},
  year      = {2015},
}

@inproceedings{yatsuhiro:2015-cr,
  crossref  = {Mueller2015a-ed},
  author    = {Yatsuhiro, Kazuko},
  title     = {October 15, 2015},
  url       = {http://cslipublications.stanford.edu/HPSG/2015/yatsuhiro.pdf},
  pages     = {216--216},
}

@proceedings{Mueller2015a-ed,
  editor    = {Stefan M{\"u}ller},
  title     = {Proceedings of the 22nd International Conference on Head-Driven Phrase Structure Grammar, Nanyang Technological University (NTU), Singapore},
  booktitle = {Proceedings of the 22nd International Conference on Head-Driven Phrase Structure Grammar, Nanyang Technological University (NTU), Singapore},
  publisher = {CSLI Publications},
  address   = {Stanford, CA},
  OPTissn   = {15351793},
  url       = {http://cslipublications.stanford.edu/HPSG/2015/},
  year      = {2015},
}

