@inproceedings{ahhkm:2010,
  author    = {Assmann, Anke and Heck, Fabian and Hein, Johannes and Keine, Stefan and M{\"u}ller,  Gereon},
  title     = {Does Chain Hybridization in Irish Support Movement-Based Approaches to Long-Distance Dependencies?},
  booktitle = {{Proceedings of the 17th International Conference on Head-Driven Phrase Structure Grammar, Universit{\'e} Paris Diderot, Paris 7, France}},
  editor    = {M{\"u}ller, Stefan},
  OPTissn   = {15351793},
  url       = {http://cslipublications.stanford.edu/HPSG/2010/ahhkm.pdf},
  publisher = {CSLI Publications},
  address   = {Stanford, CA},
  pages     = {27--46},
  year      = {2010},
}

@inproceedings{ahhkm:2010-cr,
  crossref  = {Mueller2010a-ed},
  author    = {Assmann, Anke and Heck, Fabian and Hein, Johannes and Keine, Stefan and M{\"u}ller,  Gereon},
  title     = {Does Chain Hybridization in Irish Support Movement-Based Approaches to Long-Distance Dependencies?},
  url       = {http://cslipublications.stanford.edu/HPSG/2010/ahhkm.pdf},
  pages     = {27--46},
}

@proceedings{Mueller2010a-ed,
  editor    = {M{\"u}ller, Stefan},
  title     = {{Proceedings of the 17th International Conference on Head-Driven Phrase Structure Grammar, Universit{\'e} Paris Diderot, Paris 7, France}},
  booktitle = {{Proceedings of the 17th International Conference on Head-Driven Phrase Structure Grammar, Universit{\'e} Paris Diderot, Paris 7, France}},
  publisher = {CSLI Publications},
  address   = {Stanford, CA},
  OPTissn   = {15351793},
  url       = {http://cslipublications.stanford.edu/HPSG/2010/},
  year      = {2010},
}

