@inproceedings{alahverdzhieva-lascarides:2010,
  author    = {Alahverdzhieva, Katya and Lascarides, Alex},
  title     = {Analysing Speech and Co-Speech Gesture in Constraint-based Grammars},
  booktitle = {{Proceedings of the 17th International Conference on Head-Driven Phrase Structure Grammar, Universit{\'e} Paris Diderot, Paris 7, France}},
  editor    = {M{\"u}ller, Stefan},
  OPTissn   = {15351793},
  url       = {http://cslipublications.stanford.edu/HPSG/2010/alahverdzhieva-lascarides.pdf},
  publisher = {CSLI Publications},
  address   = {Stanford, CA},
  pages     = {6--26},
  year      = {2010},
}

@inproceedings{alahverdzhieva-lascarides:2010-cr,
  crossref  = {Mueller2010a-ed},
  author    = {Alahverdzhieva, Katya and Lascarides, Alex},
  title     = {Analysing Speech and Co-Speech Gesture in Constraint-based Grammars},
  url       = {http://cslipublications.stanford.edu/HPSG/2010/alahverdzhieva-lascarides.pdf},
  pages     = {6--26},
}

@proceedings{Mueller2010a-ed,
  editor    = {M{\"u}ller, Stefan},
  title     = {{Proceedings of the 17th International Conference on Head-Driven Phrase Structure Grammar, Universit{\'e} Paris Diderot, Paris 7, France}},
  booktitle = {{Proceedings of the 17th International Conference on Head-Driven Phrase Structure Grammar, Universit{\'e} Paris Diderot, Paris 7, France}},
  publisher = {CSLI Publications},
  address   = {Stanford, CA},
  OPTissn   = {15351793},
  url       = {http://cslipublications.stanford.edu/HPSG/2010/},
  year      = {2010},
}

