@inproceedings{bildhauer-cook:2010,
  author    = {Bildhauer, Felix and Cook, Philippa},
  title     = {German Multiple Fronting and Expected Topic-Hood},
  booktitle = {{Proceedings of the 17th International Conference on Head-Driven Phrase Structure Grammar, Universit{\'e} Paris Diderot, Paris 7, France}},
  editor    = {M{\"u}ller, Stefan},
  OPTissn   = {15351793},
  url       = {http://cslipublications.stanford.edu/HPSG/2010/bildhauer-cook.pdf},
  publisher = {CSLI Publications},
  address   = {Stanford, CA},
  pages     = {68--79},
  year      = {2010},
}

@inproceedings{bildhauer-cook:2010-cr,
  crossref  = {Mueller2010a-ed},
  author    = {Bildhauer, Felix and Cook, Philippa},
  title     = {German Multiple Fronting and Expected Topic-Hood},
  url       = {http://cslipublications.stanford.edu/HPSG/2010/bildhauer-cook.pdf},
  pages     = {68--79},
}

@proceedings{Mueller2010a-ed,
  editor    = {M{\"u}ller, Stefan},
  title     = {{Proceedings of the 17th International Conference on Head-Driven Phrase Structure Grammar, Universit{\'e} Paris Diderot, Paris 7, France}},
  booktitle = {{Proceedings of the 17th International Conference on Head-Driven Phrase Structure Grammar, Universit{\'e} Paris Diderot, Paris 7, France}},
  publisher = {CSLI Publications},
  address   = {Stanford, CA},
  OPTissn   = {15351793},
  url       = {http://cslipublications.stanford.edu/HPSG/2010/},
  year      = {2010},
}

