@inproceedings{borsley:2010,
  author    = {Borsley, Robert D},
  title     = {An HPSG Approach to Welsh Unbounded Dependencies},
  booktitle = {{Proceedings of the 17th International Conference on Head-Driven Phrase Structure Grammar, Universit{\'e} Paris Diderot, Paris 7, France}},
  editor    = {M{\"u}ller, Stefan},
  OPTissn   = {15351793},
  url       = {http://cslipublications.stanford.edu/HPSG/2010/borsley.pdf},
  publisher = {CSLI Publications},
  address   = {Stanford, CA},
  pages     = {80--100},
  year      = {2010},
}

@inproceedings{borsley:2010-cr,
  crossref  = {Mueller2010a-ed},
  author    = {Borsley, Robert D},
  title     = {An HPSG Approach to Welsh Unbounded Dependencies},
  url       = {http://cslipublications.stanford.edu/HPSG/2010/borsley.pdf},
  pages     = {80--100},
}

@proceedings{Mueller2010a-ed,
  editor    = {M{\"u}ller, Stefan},
  title     = {{Proceedings of the 17th International Conference on Head-Driven Phrase Structure Grammar, Universit{\'e} Paris Diderot, Paris 7, France}},
  booktitle = {{Proceedings of the 17th International Conference on Head-Driven Phrase Structure Grammar, Universit{\'e} Paris Diderot, Paris 7, France}},
  publisher = {CSLI Publications},
  address   = {Stanford, CA},
  OPTissn   = {15351793},
  url       = {http://cslipublications.stanford.edu/HPSG/2010/},
  year      = {2010},
}

