@inproceedings{brown-evans:2010,
  author    = {Brown, Dunstan and Evans, Roger},
  title     = {Inflectional Defaults and Principal Parts: an Empirical Investigation},
  booktitle = {{Proceedings of the 17th International Conference on Head-Driven Phrase Structure Grammar, Universit{\'e} Paris Diderot, Paris 7, France}},
  editor    = {M{\"u}ller, Stefan},
  OPTissn   = {15351793},
  url       = {http://cslipublications.stanford.edu/HPSG/2010/brown-evans.pdf},
  publisher = {CSLI Publications},
  address   = {Stanford, CA},
  pages     = {234--254},
  year      = {2010},
}

@inproceedings{brown-evans:2010-cr,
  crossref  = {Mueller2010a-ed},
  author    = {Brown, Dunstan and Evans, Roger},
  title     = {Inflectional Defaults and Principal Parts: an Empirical Investigation},
  url       = {http://cslipublications.stanford.edu/HPSG/2010/brown-evans.pdf},
  pages     = {234--254},
}

@proceedings{Mueller2010a-ed,
  editor    = {M{\"u}ller, Stefan},
  title     = {{Proceedings of the 17th International Conference on Head-Driven Phrase Structure Grammar, Universit{\'e} Paris Diderot, Paris 7, France}},
  booktitle = {{Proceedings of the 17th International Conference on Head-Driven Phrase Structure Grammar, Universit{\'e} Paris Diderot, Paris 7, France}},
  publisher = {CSLI Publications},
  address   = {Stanford, CA},
  OPTissn   = {15351793},
  url       = {http://cslipublications.stanford.edu/HPSG/2010/},
  year      = {2010},
}

