@inproceedings{chaves:2010,
  author    = {Chaves, Rui P.},
  title     = {On the Syntax and Semantics of \emph{vice versa}},
  booktitle = {{Proceedings of the 17th International Conference on Head-Driven Phrase Structure Grammar, Universit{\'e} Paris Diderot, Paris 7, France}},
  editor    = {M{\"u}ller, Stefan},
  OPTissn   = {15351793},
  url       = {http://cslipublications.stanford.edu/HPSG/2010/chaves.pdf},
  publisher = {CSLI Publications},
  address   = {Stanford, CA},
  pages     = {101--121},
  year      = {2010},
}

@inproceedings{chaves:2010-cr,
  crossref  = {Mueller2010a-ed},
  author    = {Chaves, Rui P.},
  title     = {On the Syntax and Semantics of \emph{vice versa}},
  url       = {http://cslipublications.stanford.edu/HPSG/2010/chaves.pdf},
  pages     = {101--121},
}

@proceedings{Mueller2010a-ed,
  editor    = {M{\"u}ller, Stefan},
  title     = {{Proceedings of the 17th International Conference on Head-Driven Phrase Structure Grammar, Universit{\'e} Paris Diderot, Paris 7, France}},
  booktitle = {{Proceedings of the 17th International Conference on Head-Driven Phrase Structure Grammar, Universit{\'e} Paris Diderot, Paris 7, France}},
  publisher = {CSLI Publications},
  address   = {Stanford, CA},
  OPTissn   = {15351793},
  url       = {http://cslipublications.stanford.edu/HPSG/2010/},
  year      = {2010},
}

