@inproceedings{cook-oersnes:2010,
  author    = {Cook, Philippa and {\O}rsnes, Bjarne},
  title     = {Coherence with adjectives in German},
  booktitle = {{Proceedings of the 17th International Conference on Head-Driven Phrase Structure Grammar, Universit{\'e} Paris Diderot, Paris 7, France}},
  editor    = {M{\"u}ller, Stefan},
  OPTissn   = {15351793},
  url       = {http://cslipublications.stanford.edu/HPSG/2010/cook-oersnes.pdf},
  publisher = {CSLI Publications},
  address   = {Stanford, CA},
  pages     = {122--142},
  year      = {2010},
}

@inproceedings{cook-oersnes:2010-cr,
  crossref  = {Mueller2010a-ed},
  author    = {Cook, Philippa and {\O}rsnes, Bjarne},
  title     = {Coherence with adjectives in German},
  url       = {http://cslipublications.stanford.edu/HPSG/2010/cook-oersnes.pdf},
  pages     = {122--142},
}

@proceedings{Mueller2010a-ed,
  editor    = {M{\"u}ller, Stefan},
  title     = {{Proceedings of the 17th International Conference on Head-Driven Phrase Structure Grammar, Universit{\'e} Paris Diderot, Paris 7, France}},
  booktitle = {{Proceedings of the 17th International Conference on Head-Driven Phrase Structure Grammar, Universit{\'e} Paris Diderot, Paris 7, France}},
  publisher = {CSLI Publications},
  address   = {Stanford, CA},
  OPTissn   = {15351793},
  url       = {http://cslipublications.stanford.edu/HPSG/2010/},
  year      = {2010},
}

