@inproceedings{crysmann:2010,
  author    = {Crysmann, Berthold},
  title     = {Discontinuous Negation in Hausa},
  booktitle = {{Proceedings of the 17th International Conference on Head-Driven Phrase Structure Grammar, Universit{\'e} Paris Diderot, Paris 7, France}},
  editor    = {M{\"u}ller, Stefan},
  OPTissn   = {15351793},
  url       = {http://cslipublications.stanford.edu/HPSG/2010/crysmann.pdf},
  publisher = {CSLI Publications},
  address   = {Stanford, CA},
  pages     = {269--287},
  year      = {2010},
}

@inproceedings{crysmann:2010-cr,
  crossref  = {Mueller2010a-ed},
  author    = {Crysmann, Berthold},
  title     = {Discontinuous Negation in Hausa},
  url       = {http://cslipublications.stanford.edu/HPSG/2010/crysmann.pdf},
  pages     = {269--287},
}

@proceedings{Mueller2010a-ed,
  editor    = {M{\"u}ller, Stefan},
  title     = {{Proceedings of the 17th International Conference on Head-Driven Phrase Structure Grammar, Universit{\'e} Paris Diderot, Paris 7, France}},
  booktitle = {{Proceedings of the 17th International Conference on Head-Driven Phrase Structure Grammar, Universit{\'e} Paris Diderot, Paris 7, France}},
  publisher = {CSLI Publications},
  address   = {Stanford, CA},
  OPTissn   = {15351793},
  url       = {http://cslipublications.stanford.edu/HPSG/2010/},
  year      = {2010},
}

