@inproceedings{hfp:2010,
  author    = {Hemforth, Barbara and Fayol, Michel and Pacton, S{\'e}bastien},
  title     = {Usage-based Preferences in Written Sentence
 Production: The Role of Local and Global Statistics},
  booktitle = {{Proceedings of the 17th International Conference on Head-Driven Phrase Structure Grammar, Universit{\'e} Paris Diderot, Paris 7, France}},
  editor    = {M{\"u}ller, Stefan},
  OPTissn   = {15351793},
  url       = {http://cslipublications.stanford.edu/HPSG/2010/hfp.pdf},
  publisher = {CSLI Publications},
  address   = {Stanford, CA},
  pages     = {143--157},
  year      = {2010},
}

@inproceedings{hfp:2010-cr,
  crossref  = {Mueller2010a-ed},
  author    = {Hemforth, Barbara and Fayol, Michel and Pacton, S{\'e}bastien},
  title     = {Usage-based Preferences in Written Sentence
 Production: The Role of Local and Global Statistics},
  url       = {http://cslipublications.stanford.edu/HPSG/2010/hfp.pdf},
  pages     = {143--157},
}

@proceedings{Mueller2010a-ed,
  editor    = {M{\"u}ller, Stefan},
  title     = {{Proceedings of the 17th International Conference on Head-Driven Phrase Structure Grammar, Universit{\'e} Paris Diderot, Paris 7, France}},
  booktitle = {{Proceedings of the 17th International Conference on Head-Driven Phrase Structure Grammar, Universit{\'e} Paris Diderot, Paris 7, France}},
  publisher = {CSLI Publications},
  address   = {Stanford, CA},
  OPTissn   = {15351793},
  url       = {http://cslipublications.stanford.edu/HPSG/2010/},
  year      = {2010},
}

