@inproceedings{leonard-kihm:2010,
  author    = {L{\'e}onard, Jean-L{\'e}o and Kihm, Alain},
  title     = {Verb Inflection in Chiquihuitlán Mazatec: a Fragment and a PFM Approach},
  booktitle = {{Proceedings of the 17th International Conference on Head-Driven Phrase Structure Grammar, Universit{\'e} Paris Diderot, Paris 7, France}},
  editor    = {M{\"u}ller, Stefan},
  OPTissn   = {15351793},
  url       = {http://cslipublications.stanford.edu/HPSG/2010/leonard-kihm.pdf},
  publisher = {CSLI Publications},
  address   = {Stanford, CA},
  pages     = {288--306},
  year      = {2010},
}

@inproceedings{leonard-kihm:2010-cr,
  crossref  = {Mueller2010a-ed},
  author    = {L{\'e}onard, Jean-L{\'e}o and Kihm, Alain},
  title     = {Verb Inflection in Chiquihuitlán Mazatec: a Fragment and a PFM Approach},
  url       = {http://cslipublications.stanford.edu/HPSG/2010/leonard-kihm.pdf},
  pages     = {288--306},
}

@proceedings{Mueller2010a-ed,
  editor    = {M{\"u}ller, Stefan},
  title     = {{Proceedings of the 17th International Conference on Head-Driven Phrase Structure Grammar, Universit{\'e} Paris Diderot, Paris 7, France}},
  booktitle = {{Proceedings of the 17th International Conference on Head-Driven Phrase Structure Grammar, Universit{\'e} Paris Diderot, Paris 7, France}},
  publisher = {CSLI Publications},
  address   = {Stanford, CA},
  OPTissn   = {15351793},
  url       = {http://cslipublications.stanford.edu/HPSG/2010/},
  year      = {2010},
}

