@inproceedings{mache:2010,
  author    = {Mach\'{e}, Jacob},
  title     = {Towards a compositional analysis of verbless directives in German},
  booktitle = {Proceedings of the 17th International Conference on Head-Driven Phrase Structure Grammar, Universit\'{e} Paris Diderot, Paris 7, France},
  editor    = {Stefan M\"{u}ller},
  OPTissn   = {15351793},
  url       = {http://cslipublications.stanford.edu/HPSG/2010/mache.pdf},
  publisher = {CSLI Publications},
  address   = {Stanford, CA},
  pages     = {191--191},
  year      = {2010},
}

@inproceedings{mache:2010-cr,
  crossref  = {Mueller2010a-ed},
  author    = {Mach\'{e}, Jacob},
  title     = {Towards a compositional analysis of verbless directives in German},
  url       = {http://cslipublications.stanford.edu/HPSG/2010/mache.pdf},
  pages     = {191--191},
}

@proceedings{Mueller2010a-ed,
  editor    = {Stefan M\"{u}ller},
  title     = {Proceedings of the 17th International Conference on Head-Driven Phrase Structure Grammar, Universit\'{e} Paris Diderot, Paris 7, France},
  booktitle = {Proceedings of the 17th International Conference on Head-Driven Phrase Structure Grammar, Universit\'{e} Paris Diderot, Paris 7, France},
  publisher = {CSLI Publications},
  address   = {Stanford, CA},
  OPTissn   = {15351793},
  url       = {http://cslipublications.stanford.edu/HPSG/2010/},
  year      = {2010},
}

