@inproceedings{melnik:2010,
  author    = {Melnik, Nurit},
  title     = {Modal Predicates in Modern Hebrew},
  booktitle = {Proceedings of the 17th International Conference on Head-Driven Phrase Structure Grammar, Universit\'{e} Paris Diderot, Paris 7, France},
  editor    = {Stefan M\"{u}ller},
  OPTissn   = {15351793},
  url       = {http://cslipublications.stanford.edu/HPSG/2010/melnik.pdf},
  publisher = {CSLI Publications},
  address   = {Stanford, CA},
  pages     = {191--191},
  year      = {2010},
}

@inproceedings{melnik:2010-cr,
  crossref  = {Mueller2010a-ed},
  author    = {Melnik, Nurit},
  title     = {Modal Predicates in Modern Hebrew},
  url       = {http://cslipublications.stanford.edu/HPSG/2010/melnik.pdf},
  pages     = {191--191},
}

@proceedings{Mueller2010a-ed,
  editor    = {Stefan M\"{u}ller},
  title     = {Proceedings of the 17th International Conference on Head-Driven Phrase Structure Grammar, Universit\'{e} Paris Diderot, Paris 7, France},
  booktitle = {Proceedings of the 17th International Conference on Head-Driven Phrase Structure Grammar, Universit\'{e} Paris Diderot, Paris 7, France},
  publisher = {CSLI Publications},
  address   = {Stanford, CA},
  OPTissn   = {15351793},
  url       = {http://cslipublications.stanford.edu/HPSG/2010/},
  year      = {2010},
}

