@inproceedings{sailer:2010,
  author    = {Sailer, Manfred},
  title     = {The Family of English Cognate Object Constructions},
  booktitle = {{Proceedings of the 17th International Conference on Head-Driven Phrase Structure Grammar, Universit{\'e} Paris Diderot, Paris 7, France}},
  editor    = {M{\"u}ller, Stefan},
  OPTissn   = {15351793},
  url       = {http://cslipublications.stanford.edu/HPSG/2010/sailer.pdf},
  publisher = {CSLI Publications},
  address   = {Stanford, CA},
  pages     = {191--211},
  year      = {2010},
}

@inproceedings{sailer:2010-cr,
  crossref  = {Mueller2010a-ed},
  author    = {Sailer, Manfred},
  title     = {The Family of English Cognate Object Constructions},
  url       = {http://cslipublications.stanford.edu/HPSG/2010/sailer.pdf},
  pages     = {191--211},
}

@proceedings{Mueller2010a-ed,
  editor    = {M{\"u}ller, Stefan},
  title     = {{Proceedings of the 17th International Conference on Head-Driven Phrase Structure Grammar, Universit{\'e} Paris Diderot, Paris 7, France}},
  booktitle = {{Proceedings of the 17th International Conference on Head-Driven Phrase Structure Grammar, Universit{\'e} Paris Diderot, Paris 7, France}},
  publisher = {CSLI Publications},
  address   = {Stanford, CA},
  OPTissn   = {15351793},
  url       = {http://cslipublications.stanford.edu/HPSG/2010/},
  year      = {2010},
}

