@inproceedings{samvelian-tseng:2010,
  author    = {Samvelian, Pollet and Tseng, Jesse},
  title     = {Persian Object Clitics and the Syntax-Morphology Interface},
  booktitle = {{Proceedings of the 17th International Conference on Head-Driven Phrase Structure Grammar, Universit{\'e} Paris Diderot, Paris 7, France}},
  editor    = {M{\"u}ller, Stefan},
  OPTissn   = {15351793},
  url       = {http://cslipublications.stanford.edu/HPSG/2010/samvelian-tseng.pdf},
  publisher = {CSLI Publications},
  address   = {Stanford, CA},
  pages     = {212--232},
  year      = {2010},
}

@inproceedings{samvelian-tseng:2010-cr,
  crossref  = {Mueller2010a-ed},
  author    = {Samvelian, Pollet and Tseng, Jesse},
  title     = {Persian Object Clitics and the Syntax-Morphology Interface},
  url       = {http://cslipublications.stanford.edu/HPSG/2010/samvelian-tseng.pdf},
  pages     = {212--232},
}

@proceedings{Mueller2010a-ed,
  editor    = {M{\"u}ller, Stefan},
  title     = {{Proceedings of the 17th International Conference on Head-Driven Phrase Structure Grammar, Universit{\'e} Paris Diderot, Paris 7, France}},
  booktitle = {{Proceedings of the 17th International Conference on Head-Driven Phrase Structure Grammar, Universit{\'e} Paris Diderot, Paris 7, France}},
  publisher = {CSLI Publications},
  address   = {Stanford, CA},
  OPTissn   = {15351793},
  url       = {http://cslipublications.stanford.edu/HPSG/2010/},
  year      = {2010},
}

