@inproceedings{singh-sarma:2010,
  author    = {Singh, Smriti and Sarma, Vaijayanthi M},
  title     = {Hindi Noun Inflection and Distributed Morphology},
  booktitle = {{Proceedings of the 17th International Conference on Head-Driven Phrase Structure Grammar, Universit{\'e} Paris Diderot, Paris 7, France}},
  editor    = {M{\"u}ller, Stefan},
  OPTissn   = {15351793},
  url       = {http://cslipublications.stanford.edu/HPSG/2010/singh-sarma.pdf},
  publisher = {CSLI Publications},
  address   = {Stanford, CA},
  pages     = {307--321},
  year      = {2010},
}

@inproceedings{singh-sarma:2010-cr,
  crossref  = {Mueller2010a-ed},
  author    = {Singh, Smriti and Sarma, Vaijayanthi M},
  title     = {Hindi Noun Inflection and Distributed Morphology},
  url       = {http://cslipublications.stanford.edu/HPSG/2010/singh-sarma.pdf},
  pages     = {307--321},
}

@proceedings{Mueller2010a-ed,
  editor    = {M{\"u}ller, Stefan},
  title     = {{Proceedings of the 17th International Conference on Head-Driven Phrase Structure Grammar, Universit{\'e} Paris Diderot, Paris 7, France}},
  booktitle = {{Proceedings of the 17th International Conference on Head-Driven Phrase Structure Grammar, Universit{\'e} Paris Diderot, Paris 7, France}},
  publisher = {CSLI Publications},
  address   = {Stanford, CA},
  OPTissn   = {15351793},
  url       = {http://cslipublications.stanford.edu/HPSG/2010/},
  year      = {2010},
}

