@inproceedings{tribout:2010,
  author    = {Tribout, Delphine},
  title     = {How Many Conversions from Verb to Noun Are There in French?},
  booktitle = {{Proceedings of the 17th International Conference on Head-Driven Phrase Structure Grammar, Universit{\'e} Paris Diderot, Paris 7, France}},
  editor    = {M{\"u}ller, Stefan},
  OPTissn   = {15351793},
  url       = {http://cslipublications.stanford.edu/HPSG/2010/tribout.pdf},
  publisher = {CSLI Publications},
  address   = {Stanford, CA},
  pages     = {341--357},
  year      = {2010},
}

@inproceedings{tribout:2010-cr,
  crossref  = {Mueller2010a-ed},
  author    = {Tribout, Delphine},
  title     = {How Many Conversions from Verb to Noun Are There in French?},
  url       = {http://cslipublications.stanford.edu/HPSG/2010/tribout.pdf},
  pages     = {341--357},
}

@proceedings{Mueller2010a-ed,
  editor    = {M{\"u}ller, Stefan},
  title     = {{Proceedings of the 17th International Conference on Head-Driven Phrase Structure Grammar, Universit{\'e} Paris Diderot, Paris 7, France}},
  booktitle = {{Proceedings of the 17th International Conference on Head-Driven Phrase Structure Grammar, Universit{\'e} Paris Diderot, Paris 7, France}},
  publisher = {CSLI Publications},
  address   = {Stanford, CA},
  OPTissn   = {15351793},
  url       = {http://cslipublications.stanford.edu/HPSG/2010/},
  year      = {2010},
}

