@inproceedings{augustinus:2020,
  author    = {Augustinus, Liesbeth},
  title     = {A head-supplement analysis of Dutch quotative van},
  booktitle = {{Proceedings of the 27th International Conference on Head-Driven Phrase Structure Grammar, Online (Berlin/Seatlle)}},
  editor    = {M{\"u}ller, Stefan and Zamaraeva, Olga},
  OPTissn   = {15351793},
  url       = {http://cslipublications.stanford.edu/HPSG/2020/hpsg2020-augustinus.pdf},
  publisher = {CSLI Publications},
  address   = {Stanford, CA},
  pages     = {26--26},
  year      = {2020},
}

@inproceedings{augustinus:2020-cr,
  crossref  = {HPSG2020},
  author    = {Augustinus, Liesbeth},
  title     = {A head-supplement analysis of Dutch quotative van},
  url       = {http://cslipublications.stanford.edu/HPSG/2020/hpsg2020-augustinus.pdf},
  pages     = {26--26},
}

@proceedings{HPSG2020,
  editor    = {M{\"u}ller, Stefan and Zamaraeva, Olga},
  title     = {{Proceedings of the 27th International Conference on Head-Driven Phrase Structure Grammar, Online (Berlin/Seatlle)}},
  booktitle = {{Proceedings of the 27th International Conference on Head-Driven Phrase Structure Grammar, Online (Berlin/Seatlle)}},
  publisher = {CSLI Publications},
  address   = {Stanford, CA},
  OPTissn   = {15351793},
  url       = {http://cslipublications.stanford.edu/HPSG/2020/},
  year      = {2020},
}

