@inproceedings{bouma:2020,
  author    = {Bouma, Gosse},
  title     = {Enhanced Universal Dependencies and its relationship to
HPSG},
  booktitle = {{Proceedings of the 27th International Conference on Head-Driven Phrase Structure Grammar, Online (Berlin/Seatlle)}},
  editor    = {M{\"u}ller, Stefan and Zamaraeva, Olga},
  OPTissn   = {15351793},
  url       = {http://cslipublications.stanford.edu/HPSG/2020/hpsg2020-bouma.pdf},
  publisher = {CSLI Publications},
  address   = {Stanford, CA},
  pages     = {48--48},
  year      = {2020},
}

@inproceedings{bouma:2020-cr,
  crossref  = {HPSG2020},
  author    = {Bouma, Gosse},
  title     = {Enhanced Universal Dependencies and its relationship to
HPSG},
  url       = {http://cslipublications.stanford.edu/HPSG/2020/hpsg2020-bouma.pdf},
  pages     = {48--48},
}

@proceedings{HPSG2020,
  editor    = {M{\"u}ller, Stefan and Zamaraeva, Olga},
  title     = {{Proceedings of the 27th International Conference on Head-Driven Phrase Structure Grammar, Online (Berlin/Seatlle)}},
  booktitle = {{Proceedings of the 27th International Conference on Head-Driven Phrase Structure Grammar, Online (Berlin/Seatlle)}},
  publisher = {CSLI Publications},
  address   = {Stanford, CA},
  OPTissn   = {15351793},
  url       = {http://cslipublications.stanford.edu/HPSG/2020/},
  year      = {2020},
}

