@inproceedings{ckm:2020,
  author    = {Chaves, Rui P. and Kay, Paul and Michaelis, Laura A.},
  title     = {Unrealized arguments in SBCG},
  booktitle = {{Proceedings of the 27th International Conference on Head-Driven Phrase Structure Grammar, Online (Berlin/Seattle)}},
  editor    = {M{\"u}ller, Stefan and Holler, Anke},
  OPTissn   = {15351793},
  url       = {http://cslipublications.stanford.edu/HPSG/2020/hpsg2020-ckm.pdf},
  publisher = {CSLI Publications},
  address   = {Stanford, CA},
  pages     = {47--67},
  year      = {2020},
}

@inproceedings{ckm:2020-cr,
  crossref  = {HPSG2020},
  author    = {Chaves, Rui P. and Kay, Paul and Michaelis, Laura A.},
  title     = {Unrealized arguments in SBCG},
  url       = {http://cslipublications.stanford.edu/HPSG/2020/hpsg2020-ckm.pdf},
  pages     = {47--67},
}

@proceedings{HPSG2020,
  editor    = {M{\"u}ller, Stefan and Holler, Anke},
  title     = {{Proceedings of the 27th International Conference on Head-Driven Phrase Structure Grammar, Online (Berlin/Seattle)}},
  booktitle = {{Proceedings of the 27th International Conference on Head-Driven Phrase Structure Grammar, Online (Berlin/Seattle)}},
  publisher = {CSLI Publications},
  address   = {Stanford, CA},
  OPTissn   = {15351793},
  url       = {http://cslipublications.stanford.edu/HPSG/2020/},
  year      = {2020},
}

