@inproceedings{haugereid:2020,
  author    = {Haugereid, Petter},
  title     = {An incremental approach to verb clusters in German},
  booktitle = {{Proceedings of the 27th International Conference on Head-Driven Phrase Structure Grammar, Online (Berlin/Seattle)}},
  editor    = {M{\"u}ller, Stefan and Holler, Anke},
  OPTissn   = {15351793},
  url       = {http://cslipublications.stanford.edu/HPSG/2020/hpsg2020-haugereid.pdf},
  publisher = {CSLI Publications},
  address   = {Stanford, CA},
  pages     = {88--105},
  year      = {2020},
}

@inproceedings{haugereid:2020-cr,
  crossref  = {HPSG2020},
  author    = {Haugereid, Petter},
  title     = {An incremental approach to verb clusters in German},
  url       = {http://cslipublications.stanford.edu/HPSG/2020/hpsg2020-haugereid.pdf},
  pages     = {88--105},
}

@proceedings{HPSG2020,
  editor    = {M{\"u}ller, Stefan and Holler, Anke},
  title     = {{Proceedings of the 27th International Conference on Head-Driven Phrase Structure Grammar, Online (Berlin/Seattle)}},
  booktitle = {{Proceedings of the 27th International Conference on Head-Driven Phrase Structure Grammar, Online (Berlin/Seattle)}},
  publisher = {CSLI Publications},
  address   = {Stanford, CA},
  OPTissn   = {15351793},
  url       = {http://cslipublications.stanford.edu/HPSG/2020/},
  year      = {2020},
}

