@proceedings{HPSG2020,
  editor    = {M{\"u}ller, Stefan and Holler, Anke},
  title     = {{Proceedings of the 27th International Conference on Head-Driven Phrase Structure Grammar, Online (Berlin/Seattle)}},
  booktitle = {{Proceedings of the 27th International Conference on Head-Driven Phrase Structure Grammar, Online (Berlin/Seattle)}},
  url       = {http://cslipublications.stanford.edu/HPSG/2020/},
  publisher = {CSLI Publications},
  address   = {Stanford, CA},
  OPTissn   = {15351793},
  year      = {2020},
}

@inproceedings{aguila-multner-crysmann:2020,
  author    = {Aguila-Multner, Gabriel and Crysmann, Berthold},
  title     = {An inside-out approach to
French causatives},
  booktitle = {{Proceedings of the 27th International Conference on Head-Driven Phrase Structure Grammar, Online (Berlin/Seattle)}},
  editor    = {M{\"u}ller, Stefan and Holler, Anke},
  OPTissn   = {15351793},
  url       = {http://cslipublications.stanford.edu/HPSG/2020/hpsg2020-aguila-multner-crysmann.pdf},
  publisher = {CSLI Publications},
  address   = {Stanford, CA},
  pages     = {5--25},
  year      = {2020},
}

@inproceedings{aguila-multner-crysmann:2020-cr,
  crossref  = {HPSG2020},
  author    = {Aguila-Multner, Gabriel and Crysmann, Berthold},
  title     = {An inside-out approach to
French causatives},
  url       = {http://cslipublications.stanford.edu/HPSG/2020/hpsg2020-aguila-multner-crysmann.pdf},
  pages     = {5--25},
}

@inproceedings{borsley:2020,
  author    = {Borsley, Robert D.},
  title     = {On a family of Welsh constructions},
  booktitle = {{Proceedings of the 27th International Conference on Head-Driven Phrase Structure Grammar, Online (Berlin/Seattle)}},
  editor    = {M{\"u}ller, Stefan and Holler, Anke},
  OPTissn   = {15351793},
  url       = {http://cslipublications.stanford.edu/HPSG/2020/hpsg2020-borsley.pdf},
  publisher = {CSLI Publications},
  address   = {Stanford, CA},
  pages     = {26--46},
  year      = {2020},
}

@inproceedings{borsley:2020-cr,
  crossref  = {HPSG2020},
  author    = {Borsley, Robert D.},
  title     = {On a family of Welsh constructions},
  url       = {http://cslipublications.stanford.edu/HPSG/2020/hpsg2020-borsley.pdf},
  pages     = {26--46},
}

@inproceedings{ckm:2020,
  author    = {Chaves, Rui P. and Kay, Paul and Michaelis, Laura A.},
  title     = {Unrealized arguments in SBCG},
  booktitle = {{Proceedings of the 27th International Conference on Head-Driven Phrase Structure Grammar, Online (Berlin/Seattle)}},
  editor    = {M{\"u}ller, Stefan and Holler, Anke},
  OPTissn   = {15351793},
  url       = {http://cslipublications.stanford.edu/HPSG/2020/hpsg2020-ckm.pdf},
  publisher = {CSLI Publications},
  address   = {Stanford, CA},
  pages     = {47--67},
  year      = {2020},
}

@inproceedings{ckm:2020-cr,
  crossref  = {HPSG2020},
  author    = {Chaves, Rui P. and Kay, Paul and Michaelis, Laura A.},
  title     = {Unrealized arguments in SBCG},
  url       = {http://cslipublications.stanford.edu/HPSG/2020/hpsg2020-ckm.pdf},
  pages     = {47--67},
}

@inproceedings{gyorfi:2020,
  author    = {Gyorfi, David},
  title     = {Challenges in Kazakh Auxiliary Selection},
  booktitle = {{Proceedings of the 27th International Conference on Head-Driven Phrase Structure Grammar, Online (Berlin/Seattle)}},
  editor    = {M{\"u}ller, Stefan and Holler, Anke},
  OPTissn   = {15351793},
  url       = {http://cslipublications.stanford.edu/HPSG/2020/hpsg2020-gyorfi.pdf},
  publisher = {CSLI Publications},
  address   = {Stanford, CA},
  pages     = {68--87},
  year      = {2020},
}

@inproceedings{gyorfi:2020-cr,
  crossref  = {HPSG2020},
  author    = {Gyorfi, David},
  title     = {Challenges in Kazakh Auxiliary Selection},
  url       = {http://cslipublications.stanford.edu/HPSG/2020/hpsg2020-gyorfi.pdf},
  pages     = {68--87},
}

@inproceedings{haugereid:2020,
  author    = {Haugereid, Petter},
  title     = {An incremental approach to verb clusters in German},
  booktitle = {{Proceedings of the 27th International Conference on Head-Driven Phrase Structure Grammar, Online (Berlin/Seattle)}},
  editor    = {M{\"u}ller, Stefan and Holler, Anke},
  OPTissn   = {15351793},
  url       = {http://cslipublications.stanford.edu/HPSG/2020/hpsg2020-haugereid.pdf},
  publisher = {CSLI Publications},
  address   = {Stanford, CA},
  pages     = {88--105},
  year      = {2020},
}

@inproceedings{haugereid:2020-cr,
  crossref  = {HPSG2020},
  author    = {Haugereid, Petter},
  title     = {An incremental approach to verb clusters in German},
  url       = {http://cslipublications.stanford.edu/HPSG/2020/hpsg2020-haugereid.pdf},
  pages     = {88--105},
}

@inproceedings{koenig-michelson:2020,
  author    = {Koenig, Jean-Pierre and Michelson, Karin},
  title     = {What does being a noun or a verb mean?},
  booktitle = {{Proceedings of the 27th International Conference on Head-Driven Phrase Structure Grammar, Online (Berlin/Seattle)}},
  editor    = {M{\"u}ller, Stefan and Holler, Anke},
  OPTissn   = {15351793},
  url       = {http://cslipublications.stanford.edu/HPSG/2020/hpsg2020-koenig-michelson.pdf},
  publisher = {CSLI Publications},
  address   = {Stanford, CA},
  pages     = {106--126},
  year      = {2020},
}

@inproceedings{koenig-michelson:2020-cr,
  crossref  = {HPSG2020},
  author    = {Koenig, Jean-Pierre and Michelson, Karin},
  title     = {What does being a noun or a verb mean?},
  url       = {http://cslipublications.stanford.edu/HPSG/2020/hpsg2020-koenig-michelson.pdf},
  pages     = {106--126},
}

@inproceedings{richter:2020,
  author    = {Richter, Frank},
  title     = {Recursive adjectival modification in CLLRS},
  booktitle = {{Proceedings of the 27th International Conference on Head-Driven Phrase Structure Grammar, Online (Berlin/Seattle)}},
  editor    = {M{\"u}ller, Stefan and Holler, Anke},
  OPTissn   = {15351793},
  url       = {http://cslipublications.stanford.edu/HPSG/2020/hpsg2020-richter.pdf},
  publisher = {CSLI Publications},
  address   = {Stanford, CA},
  pages     = {127--135},
  year      = {2020},
}

@inproceedings{richter:2020-cr,
  crossref  = {HPSG2020},
  author    = {Richter, Frank},
  title     = {Recursive adjectival modification in CLLRS},
  url       = {http://cslipublications.stanford.edu/HPSG/2020/hpsg2020-richter.pdf},
  pages     = {127--135},
}

@inproceedings{sailer-doerner:2020,
  author    = {Sailer, Manfred and D{\"o}rner, Annika},
  title     = {A
Smurf-based Approach to Placeholder Expressions},
  booktitle = {{Proceedings of the 27th International Conference on Head-Driven Phrase Structure Grammar, Online (Berlin/Seattle)}},
  editor    = {M{\"u}ller, Stefan and Holler, Anke},
  OPTissn   = {15351793},
  url       = {http://cslipublications.stanford.edu/HPSG/2020/hpsg2020-sailer-doerner.pdf},
  publisher = {CSLI Publications},
  address   = {Stanford, CA},
  pages     = {136--156},
  year      = {2020},
}

@inproceedings{sailer-doerner:2020-cr,
  crossref  = {HPSG2020},
  author    = {Sailer, Manfred and D{\"o}rner, Annika},
  title     = {A
Smurf-based Approach to Placeholder Expressions},
  url       = {http://cslipublications.stanford.edu/HPSG/2020/hpsg2020-sailer-doerner.pdf},
  pages     = {136--156},
}

@inproceedings{zamaraeva-emerson:2020,
  author    = {Zamaraeva, Olga and Emerson, Guy},
  title     = {Multiple Question Fronting without Relational Constraints:  An Analysis of Russian as a Basis for Cross-Linguistic Modeling},
  booktitle = {{Proceedings of the 27th International Conference on Head-Driven Phrase Structure Grammar, Online (Berlin/Seattle)}},
  editor    = {M{\"u}ller, Stefan and Holler, Anke},
  OPTissn   = {15351793},
  url       = {http://cslipublications.stanford.edu/HPSG/2020/hpsg2020-zamaraeva-emerson.pdf},
  publisher = {CSLI Publications},
  address   = {Stanford, CA},
  pages     = {157--177},
  year      = {2020},
}

@inproceedings{zamaraeva-emerson:2020-cr,
  crossref  = {HPSG2020},
  author    = {Zamaraeva, Olga and Emerson, Guy},
  title     = {Multiple Question Fronting without Relational Constraints:  An Analysis of Russian as a Basis for Cross-Linguistic Modeling},
  url       = {http://cslipublications.stanford.edu/HPSG/2020/hpsg2020-zamaraeva-emerson.pdf},
  pages     = {157--177},
}

