@inproceedings{koenig-michelson:2020,
  author    = {Koenig, Jean-Pierre and Michelson, Karin},
  title     = {What does being a noun or a verb mean?},
  booktitle = {{Proceedings of the 27th International Conference on Head-Driven Phrase Structure Grammar, Online (Berlin/Seattle)}},
  editor    = {M{\"u}ller, Stefan and Holler, Anke},
  OPTissn   = {15351793},
  url       = {http://cslipublications.stanford.edu/HPSG/2020/hpsg2020-koenig-michelson.pdf},
  publisher = {CSLI Publications},
  address   = {Stanford, CA},
  pages     = {106--126},
  year      = {2020},
}

@inproceedings{koenig-michelson:2020-cr,
  crossref  = {HPSG2020},
  author    = {Koenig, Jean-Pierre and Michelson, Karin},
  title     = {What does being a noun or a verb mean?},
  url       = {http://cslipublications.stanford.edu/HPSG/2020/hpsg2020-koenig-michelson.pdf},
  pages     = {106--126},
}

@proceedings{HPSG2020,
  editor    = {M{\"u}ller, Stefan and Holler, Anke},
  title     = {{Proceedings of the 27th International Conference on Head-Driven Phrase Structure Grammar, Online (Berlin/Seattle)}},
  booktitle = {{Proceedings of the 27th International Conference on Head-Driven Phrase Structure Grammar, Online (Berlin/Seattle)}},
  publisher = {CSLI Publications},
  address   = {Stanford, CA},
  OPTissn   = {15351793},
  url       = {http://cslipublications.stanford.edu/HPSG/2020/},
  year      = {2020},
}

