@inproceedings{richter:2020,
  author    = {Richter, Frank},
  title     = {Recursive adjectival modification in CLLRS},
  booktitle = {{Proceedings of the 27th International Conference on Head-Driven Phrase Structure Grammar, Online (Berlin/Seattle)}},
  editor    = {M{\"u}ller, Stefan and Holler, Anke},
  OPTissn   = {15351793},
  url       = {http://cslipublications.stanford.edu/HPSG/2020/hpsg2020-richter.pdf},
  publisher = {CSLI Publications},
  address   = {Stanford, CA},
  pages     = {127--135},
  year      = {2020},
}

@inproceedings{richter:2020-cr,
  crossref  = {HPSG2020},
  author    = {Richter, Frank},
  title     = {Recursive adjectival modification in CLLRS},
  url       = {http://cslipublications.stanford.edu/HPSG/2020/hpsg2020-richter.pdf},
  pages     = {127--135},
}

@proceedings{HPSG2020,
  editor    = {M{\"u}ller, Stefan and Holler, Anke},
  title     = {{Proceedings of the 27th International Conference on Head-Driven Phrase Structure Grammar, Online (Berlin/Seattle)}},
  booktitle = {{Proceedings of the 27th International Conference on Head-Driven Phrase Structure Grammar, Online (Berlin/Seattle)}},
  publisher = {CSLI Publications},
  address   = {Stanford, CA},
  OPTissn   = {15351793},
  url       = {http://cslipublications.stanford.edu/HPSG/2020/},
  year      = {2020},
}

