@inproceedings{sailer-doerner:2020,
  author    = {Sailer, Manfred and D{\"o}rner, Annika},
  title     = {A
Smurf-based Approach to Placeholder Expressions},
  booktitle = {{Proceedings of the 27th International Conference on Head-Driven Phrase Structure Grammar, Online (Berlin/Seattle)}},
  editor    = {M{\"u}ller, Stefan and Holler, Anke},
  OPTissn   = {15351793},
  url       = {http://cslipublications.stanford.edu/HPSG/2020/hpsg2020-sailer-doerner.pdf},
  publisher = {CSLI Publications},
  address   = {Stanford, CA},
  pages     = {136--156},
  year      = {2020},
}

@inproceedings{sailer-doerner:2020-cr,
  crossref  = {HPSG2020},
  author    = {Sailer, Manfred and D{\"o}rner, Annika},
  title     = {A
Smurf-based Approach to Placeholder Expressions},
  url       = {http://cslipublications.stanford.edu/HPSG/2020/hpsg2020-sailer-doerner.pdf},
  pages     = {136--156},
}

@proceedings{HPSG2020,
  editor    = {M{\"u}ller, Stefan and Holler, Anke},
  title     = {{Proceedings of the 27th International Conference on Head-Driven Phrase Structure Grammar, Online (Berlin/Seattle)}},
  booktitle = {{Proceedings of the 27th International Conference on Head-Driven Phrase Structure Grammar, Online (Berlin/Seattle)}},
  publisher = {CSLI Publications},
  address   = {Stanford, CA},
  OPTissn   = {15351793},
  url       = {http://cslipublications.stanford.edu/HPSG/2020/},
  year      = {2020},
}

