@inproceedings{yatabe:2020,
  author    = {Yatabe, Shuichi},
  title     = {The internal readings of symmetrical adjectives and
adverbials},
  booktitle = {{Proceedings of the 27th International Conference on Head-Driven Phrase Structure Grammar, Online (Berlin/Seatlle)}},
  editor    = {M{\"u}ller, Stefan and Zamaraeva, Olga},
  OPTissn   = {15351793},
  url       = {http://cslipublications.stanford.edu/HPSG/2020/hpsg2020-yatabe.pdf},
  publisher = {CSLI Publications},
  address   = {Stanford, CA},
  pages     = {147--147},
  year      = {2020},
}

@inproceedings{yatabe:2020-cr,
  crossref  = {HPSG2020},
  author    = {Yatabe, Shuichi},
  title     = {The internal readings of symmetrical adjectives and
adverbials},
  url       = {http://cslipublications.stanford.edu/HPSG/2020/hpsg2020-yatabe.pdf},
  pages     = {147--147},
}

@proceedings{HPSG2020,
  editor    = {M{\"u}ller, Stefan and Zamaraeva, Olga},
  title     = {{Proceedings of the 27th International Conference on Head-Driven Phrase Structure Grammar, Online (Berlin/Seatlle)}},
  booktitle = {{Proceedings of the 27th International Conference on Head-Driven Phrase Structure Grammar, Online (Berlin/Seatlle)}},
  publisher = {CSLI Publications},
  address   = {Stanford, CA},
  OPTissn   = {15351793},
  url       = {http://cslipublications.stanford.edu/HPSG/2020/},
  year      = {2020},
}

