@inproceedings{zamaraeva-emerson:2020,
  author    = {Zamaraeva, Olga and Emerson, Guy},
  title     = {Multiple Question Fronting without Relational Constraints:  An Analysis of Russian as a Basis for Cross-Linguistic Modeling},
  booktitle = {{Proceedings of the 27th International Conference on Head-Driven Phrase Structure Grammar, Online (Berlin/Seattle)}},
  editor    = {M{\"u}ller, Stefan and Holler, Anke},
  OPTissn   = {15351793},
  url       = {http://cslipublications.stanford.edu/HPSG/2020/hpsg2020-zamaraeva-emerson.pdf},
  publisher = {CSLI Publications},
  address   = {Stanford, CA},
  pages     = {157--177},
  year      = {2020},
}

@inproceedings{zamaraeva-emerson:2020-cr,
  crossref  = {HPSG2020},
  author    = {Zamaraeva, Olga and Emerson, Guy},
  title     = {Multiple Question Fronting without Relational Constraints:  An Analysis of Russian as a Basis for Cross-Linguistic Modeling},
  url       = {http://cslipublications.stanford.edu/HPSG/2020/hpsg2020-zamaraeva-emerson.pdf},
  pages     = {157--177},
}

@proceedings{HPSG2020,
  editor    = {M{\"u}ller, Stefan and Holler, Anke},
  title     = {{Proceedings of the 27th International Conference on Head-Driven Phrase Structure Grammar, Online (Berlin/Seattle)}},
  booktitle = {{Proceedings of the 27th International Conference on Head-Driven Phrase Structure Grammar, Online (Berlin/Seattle)}},
  publisher = {CSLI Publications},
  address   = {Stanford, CA},
  OPTissn   = {15351793},
  url       = {http://cslipublications.stanford.edu/HPSG/2020/},
  year      = {2020},
}

