@inproceedings{:2012,
  author    = {Juwon Lee},
  title     = {The Direct Evidential -te in Korean: Its Interaction
with Person and Experiencer Predicate},
  booktitle = {Proceedings of the 19th International Conference on Head-Driven Phrase Structure Grammar, Chungnam National University Daejeon},
  editor    = {Stefan M{\"u}ller},
  issn      = {15351793},
  url       = {http://cslipublications.stanford.edu/HPSG/2012/.pdf},
  pages     = {241--240},
  year      = {2012},
}
