@inproceedings{ahn-cho:2012,
  author    = {Ahn, Hee-Don and Cho, Sungeun},
  title     = {Fragments vs. Null Arguments in Korean},
  booktitle = {{Proceedings of the 19th International Conference on Head-Driven Phrase Structure Grammar, Chungnam National University Daejeon}},
  editor    = {M{\"u}ller, Stefan},
  OPTissn   = {15351793},
  url       = {http://cslipublications.stanford.edu/HPSG/2012/ahn-cho.pdf},
  publisher = {CSLI Publications},
  address   = {Stanford, CA},
  pages     = {369--387},
  year      = {2012},
}

@inproceedings{ahn-cho:2012-cr,
  crossref  = {Mueller2012a-ed},
  author    = {Ahn, Hee-Don and Cho, Sungeun},
  title     = {Fragments vs. Null Arguments in Korean},
  url       = {http://cslipublications.stanford.edu/HPSG/2012/ahn-cho.pdf},
  pages     = {369--387},
}

@proceedings{Mueller2012a-ed,
  editor    = {M{\"u}ller, Stefan},
  title     = {{Proceedings of the 19th International Conference on Head-Driven Phrase Structure Grammar, Chungnam National University Daejeon}},
  booktitle = {{Proceedings of the 19th International Conference on Head-Driven Phrase Structure Grammar, Chungnam National University Daejeon}},
  publisher = {CSLI Publications},
  address   = {Stanford, CA},
  OPTissn   = {15351793},
  url       = {http://cslipublications.stanford.edu/HPSG/2012/},
  year      = {2012},
}

