@inproceedings{alqurashi:2012,
  author    = {Alqurashi, Abdulrahman},
  title     = {An HPSG Approach to Free Relatives in Arabic},
  booktitle = {{Proceedings of the 19th International Conference on Head-Driven Phrase Structure Grammar, Chungnam National University Daejeon}},
  editor    = {M{\"u}ller, Stefan},
  OPTissn   = {15351793},
  url       = {http://cslipublications.stanford.edu/HPSG/2012/alqurashi.pdf},
  publisher = {CSLI Publications},
  address   = {Stanford, CA},
  pages     = {6--25},
  year      = {2012},
}

@inproceedings{alqurashi:2012-cr,
  crossref  = {Mueller2012a-ed},
  author    = {Alqurashi, Abdulrahman},
  title     = {An HPSG Approach to Free Relatives in Arabic},
  url       = {http://cslipublications.stanford.edu/HPSG/2012/alqurashi.pdf},
  pages     = {6--25},
}

@proceedings{Mueller2012a-ed,
  editor    = {M{\"u}ller, Stefan},
  title     = {{Proceedings of the 19th International Conference on Head-Driven Phrase Structure Grammar, Chungnam National University Daejeon}},
  booktitle = {{Proceedings of the 19th International Conference on Head-Driven Phrase Structure Grammar, Chungnam National University Daejeon}},
  publisher = {CSLI Publications},
  address   = {Stanford, CA},
  OPTissn   = {15351793},
  url       = {http://cslipublications.stanford.edu/HPSG/2012/},
  year      = {2012},
}

