@inproceedings{alqurashi-borsley:2012,
  author    = {Alqurashi, Abdulrahman and Borsley, Robert D.},
  title     = {Arabic Relative Clauses in HPSG},
  booktitle = {{Proceedings of the 19th International Conference on Head-Driven Phrase Structure Grammar, Chungnam National University Daejeon}},
  editor    = {M{\"u}ller, Stefan},
  OPTissn   = {15351793},
  url       = {http://cslipublications.stanford.edu/HPSG/2012/alqurashi-borsley.pdf},
  publisher = {CSLI Publications},
  address   = {Stanford, CA},
  pages     = {26--44},
  year      = {2012},
}

@inproceedings{alqurashi-borsley:2012-cr,
  crossref  = {Mueller2012a-ed},
  author    = {Alqurashi, Abdulrahman and Borsley, Robert D.},
  title     = {Arabic Relative Clauses in HPSG},
  url       = {http://cslipublications.stanford.edu/HPSG/2012/alqurashi-borsley.pdf},
  pages     = {26--44},
}

@proceedings{Mueller2012a-ed,
  editor    = {M{\"u}ller, Stefan},
  title     = {{Proceedings of the 19th International Conference on Head-Driven Phrase Structure Grammar, Chungnam National University Daejeon}},
  booktitle = {{Proceedings of the 19th International Conference on Head-Driven Phrase Structure Grammar, Chungnam National University Daejeon}},
  publisher = {CSLI Publications},
  address   = {Stanford, CA},
  OPTissn   = {15351793},
  url       = {http://cslipublications.stanford.edu/HPSG/2012/},
  year      = {2012},
}

