@inproceedings{bjerre:2012,
  author    = {Bjerre, Anne},
  title     = {An Analysis of Danish Free Relatives},
  booktitle = {{Proceedings of the 19th International Conference on Head-Driven Phrase Structure Grammar, Chungnam National University Daejeon}},
  editor    = {M{\"u}ller, Stefan},
  OPTissn   = {15351793},
  url       = {http://cslipublications.stanford.edu/HPSG/2012/bjerre.pdf},
  publisher = {CSLI Publications},
  address   = {Stanford, CA},
  pages     = {45--63},
  year      = {2012},
}

@inproceedings{bjerre:2012-cr,
  crossref  = {Mueller2012a-ed},
  author    = {Bjerre, Anne},
  title     = {An Analysis of Danish Free Relatives},
  url       = {http://cslipublications.stanford.edu/HPSG/2012/bjerre.pdf},
  pages     = {45--63},
}

@proceedings{Mueller2012a-ed,
  editor    = {M{\"u}ller, Stefan},
  title     = {{Proceedings of the 19th International Conference on Head-Driven Phrase Structure Grammar, Chungnam National University Daejeon}},
  booktitle = {{Proceedings of the 19th International Conference on Head-Driven Phrase Structure Grammar, Chungnam National University Daejeon}},
  publisher = {CSLI Publications},
  address   = {Stanford, CA},
  OPTissn   = {15351793},
  url       = {http://cslipublications.stanford.edu/HPSG/2012/},
  year      = {2012},
}

