@inproceedings{cho-ku:2012,
  author    = {Cho, Sae-Youn and Ku, Na-Hyun},
  title     = {Verbal Suffix-Repetition Construction in Korean: A Constraint- and Construction-based Approach},
  booktitle = {{Proceedings of the 19th International Conference on Head-Driven Phrase Structure Grammar, Chungnam National University Daejeon}},
  editor    = {M{\"u}ller, Stefan},
  OPTissn   = {15351793},
  url       = {http://cslipublications.stanford.edu/HPSG/2012/cho-ku.pdf},
  publisher = {CSLI Publications},
  address   = {Stanford, CA},
  pages     = {64--74},
  year      = {2012},
}

@inproceedings{cho-ku:2012-cr,
  crossref  = {Mueller2012a-ed},
  author    = {Cho, Sae-Youn and Ku, Na-Hyun},
  title     = {Verbal Suffix-Repetition Construction in Korean: A Constraint- and Construction-based Approach},
  url       = {http://cslipublications.stanford.edu/HPSG/2012/cho-ku.pdf},
  pages     = {64--74},
}

@proceedings{Mueller2012a-ed,
  editor    = {M{\"u}ller, Stefan},
  title     = {{Proceedings of the 19th International Conference on Head-Driven Phrase Structure Grammar, Chungnam National University Daejeon}},
  booktitle = {{Proceedings of the 19th International Conference on Head-Driven Phrase Structure Grammar, Chungnam National University Daejeon}},
  publisher = {CSLI Publications},
  address   = {Stanford, CA},
  OPTissn   = {15351793},
  url       = {http://cslipublications.stanford.edu/HPSG/2012/},
  year      = {2012},
}

