@inproceedings{choi:2012,
  author    = {Choi, Incheol},
  title     = {Sentential Specifiers in the Korean Clause Structure},
  booktitle = {{Proceedings of the 19th International Conference on Head-Driven Phrase Structure Grammar, Chungnam National University Daejeon}},
  editor    = {M{\"u}ller, Stefan},
  OPTissn   = {15351793},
  url       = {http://cslipublications.stanford.edu/HPSG/2012/choi.pdf},
  publisher = {CSLI Publications},
  address   = {Stanford, CA},
  pages     = {75--85},
  year      = {2012},
}

@inproceedings{choi:2012-cr,
  crossref  = {Mueller2012a-ed},
  author    = {Choi, Incheol},
  title     = {Sentential Specifiers in the Korean Clause Structure},
  url       = {http://cslipublications.stanford.edu/HPSG/2012/choi.pdf},
  pages     = {75--85},
}

@proceedings{Mueller2012a-ed,
  editor    = {M{\"u}ller, Stefan},
  title     = {{Proceedings of the 19th International Conference on Head-Driven Phrase Structure Grammar, Chungnam National University Daejeon}},
  booktitle = {{Proceedings of the 19th International Conference on Head-Driven Phrase Structure Grammar, Chungnam National University Daejeon}},
  publisher = {CSLI Publications},
  address   = {Stanford, CA},
  OPTissn   = {15351793},
  url       = {http://cslipublications.stanford.edu/HPSG/2012/},
  year      = {2012},
}

