@inproceedings{costa-branco:2012,
  author    = {Costa, Francisco and Branco, Ant{\'o}nio},
  title     = {Backshift and Tense Decomposition},
  booktitle = {{Proceedings of the 19th International Conference on Head-Driven Phrase Structure Grammar, Chungnam National University Daejeon}},
  editor    = {M{\"u}ller, Stefan},
  OPTissn   = {15351793},
  url       = {http://cslipublications.stanford.edu/HPSG/2012/costa-branco.pdf},
  publisher = {CSLI Publications},
  address   = {Stanford, CA},
  pages     = {86--106},
  year      = {2012},
}

@inproceedings{costa-branco:2012-cr,
  crossref  = {Mueller2012a-ed},
  author    = {Costa, Francisco and Branco, Ant{\'o}nio},
  title     = {Backshift and Tense Decomposition},
  url       = {http://cslipublications.stanford.edu/HPSG/2012/costa-branco.pdf},
  pages     = {86--106},
}

@proceedings{Mueller2012a-ed,
  editor    = {M{\"u}ller, Stefan},
  title     = {{Proceedings of the 19th International Conference on Head-Driven Phrase Structure Grammar, Chungnam National University Daejeon}},
  booktitle = {{Proceedings of the 19th International Conference on Head-Driven Phrase Structure Grammar, Chungnam National University Daejeon}},
  publisher = {CSLI Publications},
  address   = {Stanford, CA},
  OPTissn   = {15351793},
  url       = {http://cslipublications.stanford.edu/HPSG/2012/},
  year      = {2012},
}

