@inproceedings{crowgey:2012,
  author    = {Crowgey, Joshua},
  title     = {An a priori Typology of Sentential Negation from an HPSG Perspective},
  booktitle = {{Proceedings of the 19th International Conference on Head-Driven Phrase Structure Grammar, Chungnam National University Daejeon}},
  editor    = {M{\"u}ller, Stefan},
  OPTissn   = {15351793},
  url       = {http://cslipublications.stanford.edu/HPSG/2012/crowgey.pdf},
  publisher = {CSLI Publications},
  address   = {Stanford, CA},
  pages     = {107--122},
  year      = {2012},
}

@inproceedings{crowgey:2012-cr,
  crossref  = {Mueller2012a-ed},
  author    = {Crowgey, Joshua},
  title     = {An a priori Typology of Sentential Negation from an HPSG Perspective},
  url       = {http://cslipublications.stanford.edu/HPSG/2012/crowgey.pdf},
  pages     = {107--122},
}

@proceedings{Mueller2012a-ed,
  editor    = {M{\"u}ller, Stefan},
  title     = {{Proceedings of the 19th International Conference on Head-Driven Phrase Structure Grammar, Chungnam National University Daejeon}},
  booktitle = {{Proceedings of the 19th International Conference on Head-Driven Phrase Structure Grammar, Chungnam National University Daejeon}},
  publisher = {CSLI Publications},
  address   = {Stanford, CA},
  OPTissn   = {15351793},
  url       = {http://cslipublications.stanford.edu/HPSG/2012/},
  year      = {2012},
}

