@inproceedings{crysmann-bonami:2012,
  author    = {Crysmann, Berthold and Bonami, Olivier},
  title     = {Establishing Order in Type-Based Realisational Morphology},
  booktitle = {{Proceedings of the 19th International Conference on Head-Driven Phrase Structure Grammar, Chungnam National University Daejeon}},
  editor    = {M{\"u}ller, Stefan},
  OPTissn   = {15351793},
  url       = {http://cslipublications.stanford.edu/HPSG/2012/crysmann-bonami.pdf},
  publisher = {CSLI Publications},
  address   = {Stanford, CA},
  pages     = {123--143},
  year      = {2012},
}

@inproceedings{crysmann-bonami:2012-cr,
  crossref  = {Mueller2012a-ed},
  author    = {Crysmann, Berthold and Bonami, Olivier},
  title     = {Establishing Order in Type-Based Realisational Morphology},
  url       = {http://cslipublications.stanford.edu/HPSG/2012/crysmann-bonami.pdf},
  pages     = {123--143},
}

@proceedings{Mueller2012a-ed,
  editor    = {M{\"u}ller, Stefan},
  title     = {{Proceedings of the 19th International Conference on Head-Driven Phrase Structure Grammar, Chungnam National University Daejeon}},
  booktitle = {{Proceedings of the 19th International Conference on Head-Driven Phrase Structure Grammar, Chungnam National University Daejeon}},
  publisher = {CSLI Publications},
  address   = {Stanford, CA},
  OPTissn   = {15351793},
  url       = {http://cslipublications.stanford.edu/HPSG/2012/},
  year      = {2012},
}

