@inproceedings{hahn:2012,
  author    = {Hahn, Michael},
  title     = {Arabic Relativization Patterns: A Unified HPSG Analysis},
  booktitle = {{Proceedings of the 19th International Conference on Head-Driven Phrase Structure Grammar, Chungnam National University Daejeon}},
  editor    = {M{\"u}ller, Stefan},
  OPTissn   = {15351793},
  url       = {http://cslipublications.stanford.edu/HPSG/2012/hahn.pdf},
  publisher = {CSLI Publications},
  address   = {Stanford, CA},
  pages     = {144--164},
  year      = {2012},
}

@inproceedings{hahn:2012-cr,
  crossref  = {Mueller2012a-ed},
  author    = {Hahn, Michael},
  title     = {Arabic Relativization Patterns: A Unified HPSG Analysis},
  url       = {http://cslipublications.stanford.edu/HPSG/2012/hahn.pdf},
  pages     = {144--164},
}

@proceedings{Mueller2012a-ed,
  editor    = {M{\"u}ller, Stefan},
  title     = {{Proceedings of the 19th International Conference on Head-Driven Phrase Structure Grammar, Chungnam National University Daejeon}},
  booktitle = {{Proceedings of the 19th International Conference on Head-Driven Phrase Structure Grammar, Chungnam National University Daejeon}},
  publisher = {CSLI Publications},
  address   = {Stanford, CA},
  OPTissn   = {15351793},
  url       = {http://cslipublications.stanford.edu/HPSG/2012/},
  year      = {2012},
}

