@inproceedings{haugereid:2012,
  author    = {Haugereid, Petter},
  title     = {The Adverb Argument Intersection Field in a Left-Branching Grammar of Norwegian},
  booktitle = {{Proceedings of the 19th International Conference on Head-Driven Phrase Structure Grammar, Chungnam National University Daejeon}},
  editor    = {M{\"u}ller, Stefan},
  OPTissn   = {15351793},
  url       = {http://cslipublications.stanford.edu/HPSG/2012/haugereid.pdf},
  publisher = {CSLI Publications},
  address   = {Stanford, CA},
  pages     = {165--180},
  year      = {2012},
}

@inproceedings{haugereid:2012-cr,
  crossref  = {Mueller2012a-ed},
  author    = {Haugereid, Petter},
  title     = {The Adverb Argument Intersection Field in a Left-Branching Grammar of Norwegian},
  url       = {http://cslipublications.stanford.edu/HPSG/2012/haugereid.pdf},
  pages     = {165--180},
}

@proceedings{Mueller2012a-ed,
  editor    = {M{\"u}ller, Stefan},
  title     = {{Proceedings of the 19th International Conference on Head-Driven Phrase Structure Grammar, Chungnam National University Daejeon}},
  booktitle = {{Proceedings of the 19th International Conference on Head-Driven Phrase Structure Grammar, Chungnam National University Daejeon}},
  publisher = {CSLI Publications},
  address   = {Stanford, CA},
  OPTissn   = {15351793},
  url       = {http://cslipublications.stanford.edu/HPSG/2012/},
  year      = {2012},
}

