@inproceedings{haugereid-morey:2012,
  author    = {Haugereid, Petter and Morey, Mathieu},
  title     = {A Left-Branching Grammar Design for Incremental Parsing},
  booktitle = {{Proceedings of the 19th International Conference on Head-Driven Phrase Structure Grammar, Chungnam National University Daejeon}},
  editor    = {M{\"u}ller, Stefan},
  OPTissn   = {15351793},
  url       = {http://cslipublications.stanford.edu/HPSG/2012/haugereid-morey.pdf},
  publisher = {CSLI Publications},
  address   = {Stanford, CA},
  pages     = {181--194},
  year      = {2012},
}

@inproceedings{haugereid-morey:2012-cr,
  crossref  = {Mueller2012a-ed},
  author    = {Haugereid, Petter and Morey, Mathieu},
  title     = {A Left-Branching Grammar Design for Incremental Parsing},
  url       = {http://cslipublications.stanford.edu/HPSG/2012/haugereid-morey.pdf},
  pages     = {181--194},
}

@proceedings{Mueller2012a-ed,
  editor    = {M{\"u}ller, Stefan},
  title     = {{Proceedings of the 19th International Conference on Head-Driven Phrase Structure Grammar, Chungnam National University Daejeon}},
  booktitle = {{Proceedings of the 19th International Conference on Head-Driven Phrase Structure Grammar, Chungnam National University Daejeon}},
  publisher = {CSLI Publications},
  address   = {Stanford, CA},
  OPTissn   = {15351793},
  url       = {http://cslipublications.stanford.edu/HPSG/2012/},
  year      = {2012},
}

