@proceedings{Mueller2012a-ed,
  editor    = {M{\"u}ller, Stefan},
  title     = {{Proceedings of the 19th International Conference on Head-Driven Phrase Structure Grammar, Chungnam National University Daejeon}},
  booktitle = {{Proceedings of the 19th International Conference on Head-Driven Phrase Structure Grammar, Chungnam National University Daejeon}},
  url       = {http://cslipublications.stanford.edu/HPSG/2012/},
  publisher = {CSLI Publications},
  address   = {Stanford, CA},
  OPTissn   = {15351793},
  year      = {2012},
}

@inproceedings{alqurashi:2012,
  author    = {Alqurashi, Abdulrahman},
  title     = {An HPSG Approach to Free Relatives in Arabic},
  booktitle = {{Proceedings of the 19th International Conference on Head-Driven Phrase Structure Grammar, Chungnam National University Daejeon}},
  editor    = {M{\"u}ller, Stefan},
  OPTissn   = {15351793},
  url       = {http://cslipublications.stanford.edu/HPSG/2012/alqurashi.pdf},
  publisher = {CSLI Publications},
  address   = {Stanford, CA},
  pages     = {6--25},
  year      = {2012},
}

@inproceedings{alqurashi:2012-cr,
  crossref  = {Mueller2012a-ed},
  author    = {Alqurashi, Abdulrahman},
  title     = {An HPSG Approach to Free Relatives in Arabic},
  url       = {http://cslipublications.stanford.edu/HPSG/2012/alqurashi.pdf},
  pages     = {6--25},
}

@inproceedings{alqurashi-borsley:2012,
  author    = {Alqurashi, Abdulrahman and Borsley, Robert D.},
  title     = {Arabic Relative Clauses in HPSG},
  booktitle = {{Proceedings of the 19th International Conference on Head-Driven Phrase Structure Grammar, Chungnam National University Daejeon}},
  editor    = {M{\"u}ller, Stefan},
  OPTissn   = {15351793},
  url       = {http://cslipublications.stanford.edu/HPSG/2012/alqurashi-borsley.pdf},
  publisher = {CSLI Publications},
  address   = {Stanford, CA},
  pages     = {26--44},
  year      = {2012},
}

@inproceedings{alqurashi-borsley:2012-cr,
  crossref  = {Mueller2012a-ed},
  author    = {Alqurashi, Abdulrahman and Borsley, Robert D.},
  title     = {Arabic Relative Clauses in HPSG},
  url       = {http://cslipublications.stanford.edu/HPSG/2012/alqurashi-borsley.pdf},
  pages     = {26--44},
}

@inproceedings{bjerre:2012,
  author    = {Bjerre, Anne},
  title     = {An Analysis of Danish Free Relatives},
  booktitle = {{Proceedings of the 19th International Conference on Head-Driven Phrase Structure Grammar, Chungnam National University Daejeon}},
  editor    = {M{\"u}ller, Stefan},
  OPTissn   = {15351793},
  url       = {http://cslipublications.stanford.edu/HPSG/2012/bjerre.pdf},
  publisher = {CSLI Publications},
  address   = {Stanford, CA},
  pages     = {45--63},
  year      = {2012},
}

@inproceedings{bjerre:2012-cr,
  crossref  = {Mueller2012a-ed},
  author    = {Bjerre, Anne},
  title     = {An Analysis of Danish Free Relatives},
  url       = {http://cslipublications.stanford.edu/HPSG/2012/bjerre.pdf},
  pages     = {45--63},
}

@inproceedings{cho-ku:2012,
  author    = {Cho, Sae-Youn and Ku, Na-Hyun},
  title     = {Verbal Suffix-Repetition Construction in Korean: A Constraint- and Construction-based Approach},
  booktitle = {{Proceedings of the 19th International Conference on Head-Driven Phrase Structure Grammar, Chungnam National University Daejeon}},
  editor    = {M{\"u}ller, Stefan},
  OPTissn   = {15351793},
  url       = {http://cslipublications.stanford.edu/HPSG/2012/cho-ku.pdf},
  publisher = {CSLI Publications},
  address   = {Stanford, CA},
  pages     = {64--74},
  year      = {2012},
}

@inproceedings{cho-ku:2012-cr,
  crossref  = {Mueller2012a-ed},
  author    = {Cho, Sae-Youn and Ku, Na-Hyun},
  title     = {Verbal Suffix-Repetition Construction in Korean: A Constraint- and Construction-based Approach},
  url       = {http://cslipublications.stanford.edu/HPSG/2012/cho-ku.pdf},
  pages     = {64--74},
}

@inproceedings{choi:2012,
  author    = {Choi, Incheol},
  title     = {Sentential Specifiers in the Korean Clause Structure},
  booktitle = {{Proceedings of the 19th International Conference on Head-Driven Phrase Structure Grammar, Chungnam National University Daejeon}},
  editor    = {M{\"u}ller, Stefan},
  OPTissn   = {15351793},
  url       = {http://cslipublications.stanford.edu/HPSG/2012/choi.pdf},
  publisher = {CSLI Publications},
  address   = {Stanford, CA},
  pages     = {75--85},
  year      = {2012},
}

@inproceedings{choi:2012-cr,
  crossref  = {Mueller2012a-ed},
  author    = {Choi, Incheol},
  title     = {Sentential Specifiers in the Korean Clause Structure},
  url       = {http://cslipublications.stanford.edu/HPSG/2012/choi.pdf},
  pages     = {75--85},
}

@inproceedings{costa-branco:2012,
  author    = {Costa, Francisco and Branco, Ant{\'o}nio},
  title     = {Backshift and Tense Decomposition},
  booktitle = {{Proceedings of the 19th International Conference on Head-Driven Phrase Structure Grammar, Chungnam National University Daejeon}},
  editor    = {M{\"u}ller, Stefan},
  OPTissn   = {15351793},
  url       = {http://cslipublications.stanford.edu/HPSG/2012/costa-branco.pdf},
  publisher = {CSLI Publications},
  address   = {Stanford, CA},
  pages     = {86--106},
  year      = {2012},
}

@inproceedings{costa-branco:2012-cr,
  crossref  = {Mueller2012a-ed},
  author    = {Costa, Francisco and Branco, Ant{\'o}nio},
  title     = {Backshift and Tense Decomposition},
  url       = {http://cslipublications.stanford.edu/HPSG/2012/costa-branco.pdf},
  pages     = {86--106},
}

@inproceedings{crowgey:2012,
  author    = {Crowgey, Joshua},
  title     = {An a priori Typology of Sentential Negation from an HPSG Perspective},
  booktitle = {{Proceedings of the 19th International Conference on Head-Driven Phrase Structure Grammar, Chungnam National University Daejeon}},
  editor    = {M{\"u}ller, Stefan},
  OPTissn   = {15351793},
  url       = {http://cslipublications.stanford.edu/HPSG/2012/crowgey.pdf},
  publisher = {CSLI Publications},
  address   = {Stanford, CA},
  pages     = {107--122},
  year      = {2012},
}

@inproceedings{crowgey:2012-cr,
  crossref  = {Mueller2012a-ed},
  author    = {Crowgey, Joshua},
  title     = {An a priori Typology of Sentential Negation from an HPSG Perspective},
  url       = {http://cslipublications.stanford.edu/HPSG/2012/crowgey.pdf},
  pages     = {107--122},
}

@inproceedings{crysmann-bonami:2012,
  author    = {Crysmann, Berthold and Bonami, Olivier},
  title     = {Establishing Order in Type-Based Realisational Morphology},
  booktitle = {{Proceedings of the 19th International Conference on Head-Driven Phrase Structure Grammar, Chungnam National University Daejeon}},
  editor    = {M{\"u}ller, Stefan},
  OPTissn   = {15351793},
  url       = {http://cslipublications.stanford.edu/HPSG/2012/crysmann-bonami.pdf},
  publisher = {CSLI Publications},
  address   = {Stanford, CA},
  pages     = {123--143},
  year      = {2012},
}

@inproceedings{crysmann-bonami:2012-cr,
  crossref  = {Mueller2012a-ed},
  author    = {Crysmann, Berthold and Bonami, Olivier},
  title     = {Establishing Order in Type-Based Realisational Morphology},
  url       = {http://cslipublications.stanford.edu/HPSG/2012/crysmann-bonami.pdf},
  pages     = {123--143},
}

@inproceedings{hahn:2012,
  author    = {Hahn, Michael},
  title     = {Arabic Relativization Patterns: A Unified HPSG Analysis},
  booktitle = {{Proceedings of the 19th International Conference on Head-Driven Phrase Structure Grammar, Chungnam National University Daejeon}},
  editor    = {M{\"u}ller, Stefan},
  OPTissn   = {15351793},
  url       = {http://cslipublications.stanford.edu/HPSG/2012/hahn.pdf},
  publisher = {CSLI Publications},
  address   = {Stanford, CA},
  pages     = {144--164},
  year      = {2012},
}

@inproceedings{hahn:2012-cr,
  crossref  = {Mueller2012a-ed},
  author    = {Hahn, Michael},
  title     = {Arabic Relativization Patterns: A Unified HPSG Analysis},
  url       = {http://cslipublications.stanford.edu/HPSG/2012/hahn.pdf},
  pages     = {144--164},
}

@inproceedings{haugereid:2012,
  author    = {Haugereid, Petter},
  title     = {The Adverb Argument Intersection Field in a Left-Branching Grammar of Norwegian},
  booktitle = {{Proceedings of the 19th International Conference on Head-Driven Phrase Structure Grammar, Chungnam National University Daejeon}},
  editor    = {M{\"u}ller, Stefan},
  OPTissn   = {15351793},
  url       = {http://cslipublications.stanford.edu/HPSG/2012/haugereid.pdf},
  publisher = {CSLI Publications},
  address   = {Stanford, CA},
  pages     = {165--180},
  year      = {2012},
}

@inproceedings{haugereid:2012-cr,
  crossref  = {Mueller2012a-ed},
  author    = {Haugereid, Petter},
  title     = {The Adverb Argument Intersection Field in a Left-Branching Grammar of Norwegian},
  url       = {http://cslipublications.stanford.edu/HPSG/2012/haugereid.pdf},
  pages     = {165--180},
}

@inproceedings{haugereid-morey:2012,
  author    = {Haugereid, Petter and Morey, Mathieu},
  title     = {A Left-Branching Grammar Design for Incremental Parsing},
  booktitle = {{Proceedings of the 19th International Conference on Head-Driven Phrase Structure Grammar, Chungnam National University Daejeon}},
  editor    = {M{\"u}ller, Stefan},
  OPTissn   = {15351793},
  url       = {http://cslipublications.stanford.edu/HPSG/2012/haugereid-morey.pdf},
  publisher = {CSLI Publications},
  address   = {Stanford, CA},
  pages     = {181--194},
  year      = {2012},
}

@inproceedings{haugereid-morey:2012-cr,
  crossref  = {Mueller2012a-ed},
  author    = {Haugereid, Petter and Morey, Mathieu},
  title     = {A Left-Branching Grammar Design for Incremental Parsing},
  url       = {http://cslipublications.stanford.edu/HPSG/2012/haugereid-morey.pdf},
  pages     = {181--194},
}

@inproceedings{ionescu:2012,
  author    = {Ionescu, Emil},
  title     = {A Hybrid Type of Ellipsis in Romanian},
  booktitle = {{Proceedings of the 19th International Conference on Head-Driven Phrase Structure Grammar, Chungnam National University Daejeon}},
  editor    = {M{\"u}ller, Stefan},
  OPTissn   = {15351793},
  url       = {http://cslipublications.stanford.edu/HPSG/2012/ionescu.pdf},
  publisher = {CSLI Publications},
  address   = {Stanford, CA},
  pages     = {195--215},
  year      = {2012},
}

@inproceedings{ionescu:2012-cr,
  crossref  = {Mueller2012a-ed},
  author    = {Ionescu, Emil},
  title     = {A Hybrid Type of Ellipsis in Romanian},
  url       = {http://cslipublications.stanford.edu/HPSG/2012/ionescu.pdf},
  pages     = {195--215},
}

@inproceedings{kim:2012,
  author    = {Kim, Mija},
  title     = {Syntactic Types of \emph{as}-Parentheticals in Korean},
  booktitle = {{Proceedings of the 19th International Conference on Head-Driven Phrase Structure Grammar, Chungnam National University Daejeon}},
  editor    = {M{\"u}ller, Stefan},
  OPTissn   = {15351793},
  url       = {http://cslipublications.stanford.edu/HPSG/2012/kim.pdf},
  publisher = {CSLI Publications},
  address   = {Stanford, CA},
  pages     = {216--231},
  year      = {2012},
}

@inproceedings{kim:2012-cr,
  crossref  = {Mueller2012a-ed},
  author    = {Kim, Mija},
  title     = {Syntactic Types of \emph{as}-Parentheticals in Korean},
  url       = {http://cslipublications.stanford.edu/HPSG/2012/kim.pdf},
  pages     = {216--231},
}

@inproceedings{koga:2012,
  author    = {Koga, Hiroki},
  title     = {Past Affix' Selection of Verbal Stems},
  booktitle = {{Proceedings of the 19th International Conference on Head-Driven Phrase Structure Grammar, Chungnam National University Daejeon}},
  editor    = {M{\"u}ller, Stefan},
  OPTissn   = {15351793},
  url       = {http://cslipublications.stanford.edu/HPSG/2012/koga.pdf},
  publisher = {CSLI Publications},
  address   = {Stanford, CA},
  pages     = {232--250},
  year      = {2012},
}

@inproceedings{koga:2012-cr,
  crossref  = {Mueller2012a-ed},
  author    = {Koga, Hiroki},
  title     = {Past Affix' Selection of Verbal Stems},
  url       = {http://cslipublications.stanford.edu/HPSG/2012/koga.pdf},
  pages     = {232--250},
}

@inproceedings{lee:2012,
  author    = {Lee, Juwon},
  title     = {The Direct Evidential \emph{-te} in Korean: Its Interaction with Person and Experiencer Predicates},
  booktitle = {{Proceedings of the 19th International Conference on Head-Driven Phrase Structure Grammar, Chungnam National University Daejeon}},
  editor    = {M{\"u}ller, Stefan},
  OPTissn   = {15351793},
  url       = {http://cslipublications.stanford.edu/HPSG/2012/lee.pdf},
  publisher = {CSLI Publications},
  address   = {Stanford, CA},
  pages     = {251--271},
  year      = {2012},
}

@inproceedings{lee:2012-cr,
  crossref  = {Mueller2012a-ed},
  author    = {Lee, Juwon},
  title     = {The Direct Evidential \emph{-te} in Korean: Its Interaction with Person and Experiencer Predicates},
  url       = {http://cslipublications.stanford.edu/HPSG/2012/lee.pdf},
  pages     = {251--271},
}

@inproceedings{lee-yong-hun:2012,
  author    = {Lee, Yong-hun},
  title     = {A Unified Approach to VP-ellipsis and VP-anaphora},
  booktitle = {{Proceedings of the 19th International Conference on Head-Driven Phrase Structure Grammar, Chungnam National University Daejeon}},
  editor    = {M{\"u}ller, Stefan},
  OPTissn   = {15351793},
  url       = {http://cslipublications.stanford.edu/HPSG/2012/lee-yong-hun.pdf},
  publisher = {CSLI Publications},
  address   = {Stanford, CA},
  pages     = {272--291},
  year      = {2012},
}

@inproceedings{lee-yong-hun:2012-cr,
  crossref  = {Mueller2012a-ed},
  author    = {Lee, Yong-hun},
  title     = {A Unified Approach to VP-ellipsis and VP-anaphora},
  url       = {http://cslipublications.stanford.edu/HPSG/2012/lee-yong-hun.pdf},
  pages     = {272--291},
}

@inproceedings{oshima:2012,
  author    = {Oshima, David Y.},
  title     = {On the Semantics of the Japanese Infinitive/Gerund-Clause Constructions: Polysemy and Temporal Constraints},
  booktitle = {{Proceedings of the 19th International Conference on Head-Driven Phrase Structure Grammar, Chungnam National University Daejeon}},
  editor    = {M{\"u}ller, Stefan},
  OPTissn   = {15351793},
  url       = {http://cslipublications.stanford.edu/HPSG/2012/oshima.pdf},
  publisher = {CSLI Publications},
  address   = {Stanford, CA},
  pages     = {292--309},
  year      = {2012},
}

@inproceedings{oshima:2012-cr,
  crossref  = {Mueller2012a-ed},
  author    = {Oshima, David Y.},
  title     = {On the Semantics of the Japanese Infinitive/Gerund-Clause Constructions: Polysemy and Temporal Constraints},
  url       = {http://cslipublications.stanford.edu/HPSG/2012/oshima.pdf},
  pages     = {292--309},
}

@inproceedings{park:2012,
  author    = {Park, Dong-woo},
  title     = {An HPSG Approach to English Comparative Inversion},
  booktitle = {{Proceedings of the 19th International Conference on Head-Driven Phrase Structure Grammar, Chungnam National University Daejeon}},
  editor    = {M{\"u}ller, Stefan},
  OPTissn   = {15351793},
  url       = {http://cslipublications.stanford.edu/HPSG/2012/park.pdf},
  publisher = {CSLI Publications},
  address   = {Stanford, CA},
  pages     = {310--329},
  year      = {2012},
}

@inproceedings{park:2012-cr,
  crossref  = {Mueller2012a-ed},
  author    = {Park, Dong-woo},
  title     = {An HPSG Approach to English Comparative Inversion},
  url       = {http://cslipublications.stanford.edu/HPSG/2012/park.pdf},
  pages     = {310--329},
}

@inproceedings{song-bender:2012,
  author    = {Song, Sanghoun and Bender, Emily M.},
  title     = {Individual Constraints for Information Structure},
  booktitle = {{Proceedings of the 19th International Conference on Head-Driven Phrase Structure Grammar, Chungnam National University Daejeon}},
  editor    = {M{\"u}ller, Stefan},
  OPTissn   = {15351793},
  url       = {http://cslipublications.stanford.edu/HPSG/2012/song-bender.pdf},
  publisher = {CSLI Publications},
  address   = {Stanford, CA},
  pages     = {330--348},
  year      = {2012},
}

@inproceedings{song-bender:2012-cr,
  crossref  = {Mueller2012a-ed},
  author    = {Song, Sanghoun and Bender, Emily M.},
  title     = {Individual Constraints for Information Structure},
  url       = {http://cslipublications.stanford.edu/HPSG/2012/song-bender.pdf},
  pages     = {330--348},
}

@inproceedings{vaneynde:2012,
  author    = {Van Eynde, Frank},
  title     = {On the Agreement between Predicative Complements and their Target},
  booktitle = {{Proceedings of the 19th International Conference on Head-Driven Phrase Structure Grammar, Chungnam National University Daejeon}},
  editor    = {M{\"u}ller, Stefan},
  OPTissn   = {15351793},
  url       = {http://cslipublications.stanford.edu/HPSG/2012/vaneynde.pdf},
  publisher = {CSLI Publications},
  address   = {Stanford, CA},
  pages     = {349--367},
  year      = {2012},
}

@inproceedings{vaneynde:2012-cr,
  crossref  = {Mueller2012a-ed},
  author    = {Van Eynde, Frank},
  title     = {On the Agreement between Predicative Complements and their Target},
  url       = {http://cslipublications.stanford.edu/HPSG/2012/vaneynde.pdf},
  pages     = {349--367},
}

@inproceedings{ahn-cho:2012,
  author    = {Ahn, Hee-Don and Cho, Sungeun},
  title     = {Fragments vs. Null Arguments in Korean},
  booktitle = {{Proceedings of the 19th International Conference on Head-Driven Phrase Structure Grammar, Chungnam National University Daejeon}},
  editor    = {M{\"u}ller, Stefan},
  OPTissn   = {15351793},
  url       = {http://cslipublications.stanford.edu/HPSG/2012/ahn-cho.pdf},
  publisher = {CSLI Publications},
  address   = {Stanford, CA},
  pages     = {369--387},
  year      = {2012},
}

@inproceedings{ahn-cho:2012-cr,
  crossref  = {Mueller2012a-ed},
  author    = {Ahn, Hee-Don and Cho, Sungeun},
  title     = {Fragments vs. Null Arguments in Korean},
  url       = {http://cslipublications.stanford.edu/HPSG/2012/ahn-cho.pdf},
  pages     = {369--387},
}

@inproceedings{kim-cho:2012,
  author    = {Kim, Yae-Jee and Cho, Sae-Youn},
  title     = {Tense and Honorific Interpretations in Korean Gapping Construction: A Constraint- and Construction-Based Approach},
  booktitle = {{Proceedings of the 19th International Conference on Head-Driven Phrase Structure Grammar, Chungnam National University Daejeon}},
  editor    = {M{\"u}ller, Stefan},
  OPTissn   = {15351793},
  url       = {http://cslipublications.stanford.edu/HPSG/2012/kim-cho.pdf},
  publisher = {CSLI Publications},
  address   = {Stanford, CA},
  pages     = {388--408},
  year      = {2012},
}

@inproceedings{kim-cho:2012-cr,
  crossref  = {Mueller2012a-ed},
  author    = {Kim, Yae-Jee and Cho, Sae-Youn},
  title     = {Tense and Honorific Interpretations in Korean Gapping Construction: A Constraint- and Construction-Based Approach},
  url       = {http://cslipublications.stanford.edu/HPSG/2012/kim-cho.pdf},
  pages     = {388--408},
}

@inproceedings{kobele:2012,
  author    = {Kobele, Gregory M.},
  title     = {Eliding the Derivation: A Minimalist Formalization of Ellipsis},
  booktitle = {{Proceedings of the 19th International Conference on Head-Driven Phrase Structure Grammar, Chungnam National University Daejeon}},
  editor    = {M{\"u}ller, Stefan},
  OPTissn   = {15351793},
  url       = {http://cslipublications.stanford.edu/HPSG/2012/kobele.pdf},
  publisher = {CSLI Publications},
  address   = {Stanford, CA},
  pages     = {409--426},
  year      = {2012},
}

@inproceedings{kobele:2012-cr,
  crossref  = {Mueller2012a-ed},
  author    = {Kobele, Gregory M.},
  title     = {Eliding the Derivation: A Minimalist Formalization of Ellipsis},
  url       = {http://cslipublications.stanford.edu/HPSG/2012/kobele.pdf},
  pages     = {409--426},
}

@inproceedings{lee-kim:2012,
  author    = {Lee, Hanjung and Kim, Nayoun},
  title     = {Non-Canonical Word Order and Subject-Object Asymmetry in Korean Case Ellipsis},
  booktitle = {{Proceedings of the 19th International Conference on Head-Driven Phrase Structure Grammar, Chungnam National University Daejeon}},
  editor    = {M{\"u}ller, Stefan},
  OPTissn   = {15351793},
  url       = {http://cslipublications.stanford.edu/HPSG/2012/lee-kim.pdf},
  publisher = {CSLI Publications},
  address   = {Stanford, CA},
  pages     = {427--442},
  year      = {2012},
}

@inproceedings{lee-kim:2012-cr,
  crossref  = {Mueller2012a-ed},
  author    = {Lee, Hanjung and Kim, Nayoun},
  title     = {Non-Canonical Word Order and Subject-Object Asymmetry in Korean Case Ellipsis},
  url       = {http://cslipublications.stanford.edu/HPSG/2012/lee-kim.pdf},
  pages     = {427--442},
}

@inproceedings{sato-tam:2012,
  author    = {Sato, Yo and Tam, Wai Lok},
  title     = {Ellipsis of Case-Markers and Information Structure in Japanese},
  booktitle = {{Proceedings of the 19th International Conference on Head-Driven Phrase Structure Grammar, Chungnam National University Daejeon}},
  editor    = {M{\"u}ller, Stefan},
  OPTissn   = {15351793},
  url       = {http://cslipublications.stanford.edu/HPSG/2012/sato-tam.pdf},
  publisher = {CSLI Publications},
  address   = {Stanford, CA},
  pages     = {443--453},
  year      = {2012},
}

@inproceedings{sato-tam:2012-cr,
  crossref  = {Mueller2012a-ed},
  author    = {Sato, Yo and Tam, Wai Lok},
  title     = {Ellipsis of Case-Markers and Information Structure in Japanese},
  url       = {http://cslipublications.stanford.edu/HPSG/2012/sato-tam.pdf},
  pages     = {443--453},
}

@inproceedings{yatabe:2012,
  author    = {Yatabe, Sh{\^u}ichi},
  title     = {Comparison of the Ellipsis-Based Theory of Non-Constituent Coordination with its Alternatives},
  booktitle = {{Proceedings of the 19th International Conference on Head-Driven Phrase Structure Grammar, Chungnam National University Daejeon}},
  editor    = {M{\"u}ller, Stefan},
  OPTissn   = {15351793},
  url       = {http://cslipublications.stanford.edu/HPSG/2012/yatabe.pdf},
  publisher = {CSLI Publications},
  address   = {Stanford, CA},
  pages     = {454--474},
  year      = {2012},
}

@inproceedings{yatabe:2012-cr,
  crossref  = {Mueller2012a-ed},
  author    = {Yatabe, Sh{\^u}ichi},
  title     = {Comparison of the Ellipsis-Based Theory of Non-Constituent Coordination with its Alternatives},
  url       = {http://cslipublications.stanford.edu/HPSG/2012/yatabe.pdf},
  pages     = {454--474},
}

