@inproceedings{ionescu:2012,
  author    = {Ionescu, Emil},
  title     = {A Hybrid Type of Ellipsis in Romanian},
  booktitle = {{Proceedings of the 19th International Conference on Head-Driven Phrase Structure Grammar, Chungnam National University Daejeon}},
  editor    = {M{\"u}ller, Stefan},
  OPTissn   = {15351793},
  url       = {http://cslipublications.stanford.edu/HPSG/2012/ionescu.pdf},
  publisher = {CSLI Publications},
  address   = {Stanford, CA},
  pages     = {195--215},
  year      = {2012},
}

@inproceedings{ionescu:2012-cr,
  crossref  = {Mueller2012a-ed},
  author    = {Ionescu, Emil},
  title     = {A Hybrid Type of Ellipsis in Romanian},
  url       = {http://cslipublications.stanford.edu/HPSG/2012/ionescu.pdf},
  pages     = {195--215},
}

@proceedings{Mueller2012a-ed,
  editor    = {M{\"u}ller, Stefan},
  title     = {{Proceedings of the 19th International Conference on Head-Driven Phrase Structure Grammar, Chungnam National University Daejeon}},
  booktitle = {{Proceedings of the 19th International Conference on Head-Driven Phrase Structure Grammar, Chungnam National University Daejeon}},
  publisher = {CSLI Publications},
  address   = {Stanford, CA},
  OPTissn   = {15351793},
  url       = {http://cslipublications.stanford.edu/HPSG/2012/},
  year      = {2012},
}

