@inproceedings{kim-cho:2012,
  author    = {Kim, Yae-Jee and Cho, Sae-Youn},
  title     = {Tense and Honorific Interpretations in Korean Gapping Construction: A Constraint- and Construction-Based Approach},
  booktitle = {{Proceedings of the 19th International Conference on Head-Driven Phrase Structure Grammar, Chungnam National University Daejeon}},
  editor    = {M{\"u}ller, Stefan},
  OPTissn   = {15351793},
  url       = {http://cslipublications.stanford.edu/HPSG/2012/kim-cho.pdf},
  publisher = {CSLI Publications},
  address   = {Stanford, CA},
  pages     = {388--408},
  year      = {2012},
}

@inproceedings{kim-cho:2012-cr,
  crossref  = {Mueller2012a-ed},
  author    = {Kim, Yae-Jee and Cho, Sae-Youn},
  title     = {Tense and Honorific Interpretations in Korean Gapping Construction: A Constraint- and Construction-Based Approach},
  url       = {http://cslipublications.stanford.edu/HPSG/2012/kim-cho.pdf},
  pages     = {388--408},
}

@proceedings{Mueller2012a-ed,
  editor    = {M{\"u}ller, Stefan},
  title     = {{Proceedings of the 19th International Conference on Head-Driven Phrase Structure Grammar, Chungnam National University Daejeon}},
  booktitle = {{Proceedings of the 19th International Conference on Head-Driven Phrase Structure Grammar, Chungnam National University Daejeon}},
  publisher = {CSLI Publications},
  address   = {Stanford, CA},
  OPTissn   = {15351793},
  url       = {http://cslipublications.stanford.edu/HPSG/2012/},
  year      = {2012},
}

