@inproceedings{kobele:2012,
  author    = {Kobele, Gregory M.},
  title     = {Eliding the Derivation: A Minimalist Formalization of Ellipsis},
  booktitle = {{Proceedings of the 19th International Conference on Head-Driven Phrase Structure Grammar, Chungnam National University Daejeon}},
  editor    = {M{\"u}ller, Stefan},
  OPTissn   = {15351793},
  url       = {http://cslipublications.stanford.edu/HPSG/2012/kobele.pdf},
  publisher = {CSLI Publications},
  address   = {Stanford, CA},
  pages     = {409--426},
  year      = {2012},
}

@inproceedings{kobele:2012-cr,
  crossref  = {Mueller2012a-ed},
  author    = {Kobele, Gregory M.},
  title     = {Eliding the Derivation: A Minimalist Formalization of Ellipsis},
  url       = {http://cslipublications.stanford.edu/HPSG/2012/kobele.pdf},
  pages     = {409--426},
}

@proceedings{Mueller2012a-ed,
  editor    = {M{\"u}ller, Stefan},
  title     = {{Proceedings of the 19th International Conference on Head-Driven Phrase Structure Grammar, Chungnam National University Daejeon}},
  booktitle = {{Proceedings of the 19th International Conference on Head-Driven Phrase Structure Grammar, Chungnam National University Daejeon}},
  publisher = {CSLI Publications},
  address   = {Stanford, CA},
  OPTissn   = {15351793},
  url       = {http://cslipublications.stanford.edu/HPSG/2012/},
  year      = {2012},
}

