@inproceedings{koga:2012,
  author    = {Koga, Hiroki},
  title     = {Past Affix' Selection of Verbal Stems},
  booktitle = {{Proceedings of the 19th International Conference on Head-Driven Phrase Structure Grammar, Chungnam National University Daejeon}},
  editor    = {M{\"u}ller, Stefan},
  OPTissn   = {15351793},
  url       = {http://cslipublications.stanford.edu/HPSG/2012/koga.pdf},
  publisher = {CSLI Publications},
  address   = {Stanford, CA},
  pages     = {232--250},
  year      = {2012},
}

@inproceedings{koga:2012-cr,
  crossref  = {Mueller2012a-ed},
  author    = {Koga, Hiroki},
  title     = {Past Affix' Selection of Verbal Stems},
  url       = {http://cslipublications.stanford.edu/HPSG/2012/koga.pdf},
  pages     = {232--250},
}

@proceedings{Mueller2012a-ed,
  editor    = {M{\"u}ller, Stefan},
  title     = {{Proceedings of the 19th International Conference on Head-Driven Phrase Structure Grammar, Chungnam National University Daejeon}},
  booktitle = {{Proceedings of the 19th International Conference on Head-Driven Phrase Structure Grammar, Chungnam National University Daejeon}},
  publisher = {CSLI Publications},
  address   = {Stanford, CA},
  OPTissn   = {15351793},
  url       = {http://cslipublications.stanford.edu/HPSG/2012/},
  year      = {2012},
}

