@inproceedings{lee-kim:2012,
  author    = {Lee, Hanjung and Kim, Nayoun},
  title     = {Non-Canonical Word Order and Subject-Object Asymmetry in Korean Case Ellipsis},
  booktitle = {{Proceedings of the 19th International Conference on Head-Driven Phrase Structure Grammar, Chungnam National University Daejeon}},
  editor    = {M{\"u}ller, Stefan},
  OPTissn   = {15351793},
  url       = {http://cslipublications.stanford.edu/HPSG/2012/lee-kim.pdf},
  publisher = {CSLI Publications},
  address   = {Stanford, CA},
  pages     = {427--442},
  year      = {2012},
}

@inproceedings{lee-kim:2012-cr,
  crossref  = {Mueller2012a-ed},
  author    = {Lee, Hanjung and Kim, Nayoun},
  title     = {Non-Canonical Word Order and Subject-Object Asymmetry in Korean Case Ellipsis},
  url       = {http://cslipublications.stanford.edu/HPSG/2012/lee-kim.pdf},
  pages     = {427--442},
}

@proceedings{Mueller2012a-ed,
  editor    = {M{\"u}ller, Stefan},
  title     = {{Proceedings of the 19th International Conference on Head-Driven Phrase Structure Grammar, Chungnam National University Daejeon}},
  booktitle = {{Proceedings of the 19th International Conference on Head-Driven Phrase Structure Grammar, Chungnam National University Daejeon}},
  publisher = {CSLI Publications},
  address   = {Stanford, CA},
  OPTissn   = {15351793},
  url       = {http://cslipublications.stanford.edu/HPSG/2012/},
  year      = {2012},
}

