@inproceedings{lee-yong-hun:2012,
  author    = {Lee, Yong-hun},
  title     = {A Unified Approach to VP-ellipsis and VP-anaphora},
  booktitle = {{Proceedings of the 19th International Conference on Head-Driven Phrase Structure Grammar, Chungnam National University Daejeon}},
  editor    = {M{\"u}ller, Stefan},
  OPTissn   = {15351793},
  url       = {http://cslipublications.stanford.edu/HPSG/2012/lee-yong-hun.pdf},
  publisher = {CSLI Publications},
  address   = {Stanford, CA},
  pages     = {272--291},
  year      = {2012},
}

@inproceedings{lee-yong-hun:2012-cr,
  crossref  = {Mueller2012a-ed},
  author    = {Lee, Yong-hun},
  title     = {A Unified Approach to VP-ellipsis and VP-anaphora},
  url       = {http://cslipublications.stanford.edu/HPSG/2012/lee-yong-hun.pdf},
  pages     = {272--291},
}

@proceedings{Mueller2012a-ed,
  editor    = {M{\"u}ller, Stefan},
  title     = {{Proceedings of the 19th International Conference on Head-Driven Phrase Structure Grammar, Chungnam National University Daejeon}},
  booktitle = {{Proceedings of the 19th International Conference on Head-Driven Phrase Structure Grammar, Chungnam National University Daejeon}},
  publisher = {CSLI Publications},
  address   = {Stanford, CA},
  OPTissn   = {15351793},
  url       = {http://cslipublications.stanford.edu/HPSG/2012/},
  year      = {2012},
}

