@inproceedings{lee:2012,
  author    = {Lee, Juwon},
  title     = {The Direct Evidential \emph{-te} in Korean: Its Interaction with Person and Experiencer Predicates},
  booktitle = {{Proceedings of the 19th International Conference on Head-Driven Phrase Structure Grammar, Chungnam National University Daejeon}},
  editor    = {M{\"u}ller, Stefan},
  OPTissn   = {15351793},
  url       = {http://cslipublications.stanford.edu/HPSG/2012/lee.pdf},
  publisher = {CSLI Publications},
  address   = {Stanford, CA},
  pages     = {251--271},
  year      = {2012},
}

@inproceedings{lee:2012-cr,
  crossref  = {Mueller2012a-ed},
  author    = {Lee, Juwon},
  title     = {The Direct Evidential \emph{-te} in Korean: Its Interaction with Person and Experiencer Predicates},
  url       = {http://cslipublications.stanford.edu/HPSG/2012/lee.pdf},
  pages     = {251--271},
}

@proceedings{Mueller2012a-ed,
  editor    = {M{\"u}ller, Stefan},
  title     = {{Proceedings of the 19th International Conference on Head-Driven Phrase Structure Grammar, Chungnam National University Daejeon}},
  booktitle = {{Proceedings of the 19th International Conference on Head-Driven Phrase Structure Grammar, Chungnam National University Daejeon}},
  publisher = {CSLI Publications},
  address   = {Stanford, CA},
  OPTissn   = {15351793},
  url       = {http://cslipublications.stanford.edu/HPSG/2012/},
  year      = {2012},
}

