@inproceedings{maekawa:2012,
  author    = {Maekawa, Takafumi},
  title     = {Negative Inversion Constructions in HPSG},
  booktitle = {Proceedings of the 19th International Conference on Head-Driven Phrase Structure Grammar, Chungnam National University Daejeon},
  editor    = {Stefan M{\"u}ller},
  issn      = {15351793},
  url       = {http://cslipublications.stanford.edu/HPSG/2012/maekawa.pdf},
  pages     = {no--no},
  year      = {2012},
}
