@inproceedings{oshima:2012,
  author    = {Oshima, David Y.},
  title     = {On the Semantics of the Japanese Infinitive/Gerund-Clause Constructions: Polysemy and Temporal Constraints},
  booktitle = {{Proceedings of the 19th International Conference on Head-Driven Phrase Structure Grammar, Chungnam National University Daejeon}},
  editor    = {M{\"u}ller, Stefan},
  OPTissn   = {15351793},
  url       = {http://cslipublications.stanford.edu/HPSG/2012/oshima.pdf},
  publisher = {CSLI Publications},
  address   = {Stanford, CA},
  pages     = {292--309},
  year      = {2012},
}

@inproceedings{oshima:2012-cr,
  crossref  = {Mueller2012a-ed},
  author    = {Oshima, David Y.},
  title     = {On the Semantics of the Japanese Infinitive/Gerund-Clause Constructions: Polysemy and Temporal Constraints},
  url       = {http://cslipublications.stanford.edu/HPSG/2012/oshima.pdf},
  pages     = {292--309},
}

@proceedings{Mueller2012a-ed,
  editor    = {M{\"u}ller, Stefan},
  title     = {{Proceedings of the 19th International Conference on Head-Driven Phrase Structure Grammar, Chungnam National University Daejeon}},
  booktitle = {{Proceedings of the 19th International Conference on Head-Driven Phrase Structure Grammar, Chungnam National University Daejeon}},
  publisher = {CSLI Publications},
  address   = {Stanford, CA},
  OPTissn   = {15351793},
  url       = {http://cslipublications.stanford.edu/HPSG/2012/},
  year      = {2012},
}

