@inproceedings{park:2012,
  author    = {Park, Dong-woo},
  title     = {An HPSG Approach to English Comparative Inversion},
  booktitle = {{Proceedings of the 19th International Conference on Head-Driven Phrase Structure Grammar, Chungnam National University Daejeon}},
  editor    = {M{\"u}ller, Stefan},
  OPTissn   = {15351793},
  url       = {http://cslipublications.stanford.edu/HPSG/2012/park.pdf},
  publisher = {CSLI Publications},
  address   = {Stanford, CA},
  pages     = {310--329},
  year      = {2012},
}

@inproceedings{park:2012-cr,
  crossref  = {Mueller2012a-ed},
  author    = {Park, Dong-woo},
  title     = {An HPSG Approach to English Comparative Inversion},
  url       = {http://cslipublications.stanford.edu/HPSG/2012/park.pdf},
  pages     = {310--329},
}

@proceedings{Mueller2012a-ed,
  editor    = {M{\"u}ller, Stefan},
  title     = {{Proceedings of the 19th International Conference on Head-Driven Phrase Structure Grammar, Chungnam National University Daejeon}},
  booktitle = {{Proceedings of the 19th International Conference on Head-Driven Phrase Structure Grammar, Chungnam National University Daejeon}},
  publisher = {CSLI Publications},
  address   = {Stanford, CA},
  OPTissn   = {15351793},
  url       = {http://cslipublications.stanford.edu/HPSG/2012/},
  year      = {2012},
}

