@inproceedings{sato-lok:2012,
  author    = {Sato, Yo and Lok, Tam Wai},
  title     = {Ellipsis of case-markers and information
structure in Japanese},
  booktitle = {Proceedings of the 19th International Conference on Head-Driven Phrase Structure Grammar, Chungnam National University Daejeon},
  editor    = {Stefan M{\"u}ller},
  issn      = {15351793},
  url       = {http://cslipublications.stanford.edu/HPSG/2012/sato-lok.pdf},
  pages     = {--},
  year      = {2012},
}
