@inproceedings{sato-tam:2012,
  author    = {Sato, Yo and Tam, Wai Lok},
  title     = {Ellipsis of Case-Markers and Information Structure in Japanese},
  booktitle = {{Proceedings of the 19th International Conference on Head-Driven Phrase Structure Grammar, Chungnam National University Daejeon}},
  editor    = {M{\"u}ller, Stefan},
  OPTissn   = {15351793},
  url       = {http://cslipublications.stanford.edu/HPSG/2012/sato-tam.pdf},
  publisher = {CSLI Publications},
  address   = {Stanford, CA},
  pages     = {443--453},
  year      = {2012},
}

@inproceedings{sato-tam:2012-cr,
  crossref  = {Mueller2012a-ed},
  author    = {Sato, Yo and Tam, Wai Lok},
  title     = {Ellipsis of Case-Markers and Information Structure in Japanese},
  url       = {http://cslipublications.stanford.edu/HPSG/2012/sato-tam.pdf},
  pages     = {443--453},
}

@proceedings{Mueller2012a-ed,
  editor    = {M{\"u}ller, Stefan},
  title     = {{Proceedings of the 19th International Conference on Head-Driven Phrase Structure Grammar, Chungnam National University Daejeon}},
  booktitle = {{Proceedings of the 19th International Conference on Head-Driven Phrase Structure Grammar, Chungnam National University Daejeon}},
  publisher = {CSLI Publications},
  address   = {Stanford, CA},
  OPTissn   = {15351793},
  url       = {http://cslipublications.stanford.edu/HPSG/2012/},
  year      = {2012},
}

