@inproceedings{song-bender:2012,
  author    = {Song, Sanghoun and Bender, Emily M.},
  title     = {Individual Constraints for Information Structure},
  booktitle = {{Proceedings of the 19th International Conference on Head-Driven Phrase Structure Grammar, Chungnam National University Daejeon}},
  editor    = {M{\"u}ller, Stefan},
  OPTissn   = {15351793},
  url       = {http://cslipublications.stanford.edu/HPSG/2012/song-bender.pdf},
  publisher = {CSLI Publications},
  address   = {Stanford, CA},
  pages     = {330--348},
  year      = {2012},
}

@inproceedings{song-bender:2012-cr,
  crossref  = {Mueller2012a-ed},
  author    = {Song, Sanghoun and Bender, Emily M.},
  title     = {Individual Constraints for Information Structure},
  url       = {http://cslipublications.stanford.edu/HPSG/2012/song-bender.pdf},
  pages     = {330--348},
}

@proceedings{Mueller2012a-ed,
  editor    = {M{\"u}ller, Stefan},
  title     = {{Proceedings of the 19th International Conference on Head-Driven Phrase Structure Grammar, Chungnam National University Daejeon}},
  booktitle = {{Proceedings of the 19th International Conference on Head-Driven Phrase Structure Grammar, Chungnam National University Daejeon}},
  publisher = {CSLI Publications},
  address   = {Stanford, CA},
  OPTissn   = {15351793},
  url       = {http://cslipublications.stanford.edu/HPSG/2012/},
  year      = {2012},
}

