@inproceedings{van eynde:2012,
  author    = {Van Eynde, Frank},
  title     = {On the Agreement between Predicative Complements and their Target},
  booktitle = {Proceedings of the 19th International Conference on Head-Driven Phrase Structure Grammar, Chungnam National University Daejeon},
  editor    = {Stefan M{\"u}ller},
  issn      = {15351793},
  url       = {http://cslipublications.stanford.edu/HPSG/2012/van eynde.pdf},
  pages     = {--},
  year      = {2012},
}
