@inproceedings{vaneynde:2012,
  author    = {Van Eynde, Frank},
  title     = {On the Agreement between Predicative Complements and their Target},
  booktitle = {{Proceedings of the 19th International Conference on Head-Driven Phrase Structure Grammar, Chungnam National University Daejeon}},
  editor    = {M{\"u}ller, Stefan},
  OPTissn   = {15351793},
  url       = {http://cslipublications.stanford.edu/HPSG/2012/vaneynde.pdf},
  publisher = {CSLI Publications},
  address   = {Stanford, CA},
  pages     = {349--367},
  year      = {2012},
}

@inproceedings{vaneynde:2012-cr,
  crossref  = {Mueller2012a-ed},
  author    = {Van Eynde, Frank},
  title     = {On the Agreement between Predicative Complements and their Target},
  url       = {http://cslipublications.stanford.edu/HPSG/2012/vaneynde.pdf},
  pages     = {349--367},
}

@proceedings{Mueller2012a-ed,
  editor    = {M{\"u}ller, Stefan},
  title     = {{Proceedings of the 19th International Conference on Head-Driven Phrase Structure Grammar, Chungnam National University Daejeon}},
  booktitle = {{Proceedings of the 19th International Conference on Head-Driven Phrase Structure Grammar, Chungnam National University Daejeon}},
  publisher = {CSLI Publications},
  address   = {Stanford, CA},
  OPTissn   = {15351793},
  url       = {http://cslipublications.stanford.edu/HPSG/2012/},
  year      = {2012},
}

