@inproceedings{yatabe:2012,
  author    = {Yatabe, Sh{\^u}ichi},
  title     = {Comparison of the Ellipsis-Based Theory of Non-Constituent Coordination with its Alternatives},
  booktitle = {{Proceedings of the 19th International Conference on Head-Driven Phrase Structure Grammar, Chungnam National University Daejeon}},
  editor    = {M{\"u}ller, Stefan},
  OPTissn   = {15351793},
  url       = {http://cslipublications.stanford.edu/HPSG/2012/yatabe.pdf},
  publisher = {CSLI Publications},
  address   = {Stanford, CA},
  pages     = {454--474},
  year      = {2012},
}

@inproceedings{yatabe:2012-cr,
  crossref  = {Mueller2012a-ed},
  author    = {Yatabe, Sh{\^u}ichi},
  title     = {Comparison of the Ellipsis-Based Theory of Non-Constituent Coordination with its Alternatives},
  url       = {http://cslipublications.stanford.edu/HPSG/2012/yatabe.pdf},
  pages     = {454--474},
}

@proceedings{Mueller2012a-ed,
  editor    = {M{\"u}ller, Stefan},
  title     = {{Proceedings of the 19th International Conference on Head-Driven Phrase Structure Grammar, Chungnam National University Daejeon}},
  booktitle = {{Proceedings of the 19th International Conference on Head-Driven Phrase Structure Grammar, Chungnam National University Daejeon}},
  publisher = {CSLI Publications},
  address   = {Stanford, CA},
  OPTissn   = {15351793},
  url       = {http://cslipublications.stanford.edu/HPSG/2012/},
  year      = {2012},
}

