@Proceedings{Mueller2011a-ed,
  editor      =	{Stefan M{\"u}ller},
  title	      =	{Proceedings of the 18th International Conference on Head-Driven Phrase Structure Grammar, University of Washington},
  booktitle   =	{Proceedings of the 18th International Conference on Head-Driven Phrase Structure Grammar, University of Washington},
  address     =	{Stanford},
  publisher   =	{CSLI Publications},
  url         = {http://cslipublications.stanford.edu/HPSG/2011/},
  url_checked = {31.10.2011},
  year	      =	{2011},
}


@InProceedings{Alahverdzhieva:Lascarides:2011a-cr,
  crossref    = {Mueller2011a-ed},
  author      = {Katya Alahverdzhieva and Alex Lascarides},
  title       = {Analysing Speech and Co-Speech Gesture in Constraint-based Grammars},
  pages       = {6--24},
}


@InProceedings{Alahverdzhieva:Lascarides:2011a,
  author      = {Katya Alahverdzhieva and Alex Lascarides},
  title       = {Analysing Speech and Co-Speech Gesture in Constraint-based Grammars},
  booktitle   =	{The Proceedings of the 18th International Conference on Head-Driven Phrase Structure Grammar},
  editor      =	{Stefan M{\"u}ller},
  address     =	{Stanford},
  publisher   =	{CSLI Publications},
  url	      =	{http://cslipublications.stanford.edu/HPSG/2011/},
  url_checked = {28.10.2011},
  pages       = {6--24},
  year	      =	2011
}


@InProceedings{Ball:2011a-cr,
  crossref    = {Mueller2011a-ed},
  author      = {Douglas Ball},
  title       = {Morphology in the `Wrong' Place: The Curious Case of Coast Tsimshian Connectives},
  pages       = {25--45},
}


@InProceedings{Ball:2011a,
  author      = {Douglas Ball},
  title       = {Morphology in the `Wrong' Place: The Curious Case of Coast Tsimshian Connectives},
  booktitle   =	{The Proceedings of the 18th International Conference on Head-Driven Phrase Structure Grammar},
  editor      =	{Stefan M{\"u}ller},
  address     =	{Stanford},
  publisher   =	{CSLI Publications},
  url	      =	{http://cslipublications.stanford.edu/HPSG/2011/},
  url_checked = {28.10.2011},
  pages       = {25--45},
  year	      =	2011
}


@InProceedings{Crowgey:Bender:2011a-cr,
  crossref    = {Mueller2011a-ed},
  author      = {Joshua Corwgey and Emily M. Bender},
  title       = {Analyzing Interacting Phenomena: Word Order and Negation in Basque},
  pages       = {46--59},
}


@InProceedings{Crowgey:Bender:2011a,
  author      = {Joshua Corwgey and Emily M. Bender},
  title       = {Analyzing Interacting Phenomena: Word Order and Negation in Basque},
  booktitle   =	{The Proceedings of the 18th International Conference on Head-Driven Phrase Structure Grammar},
  editor      =	{Stefan M{\"u}ller},
  address     =	{Stanford},
  publisher   =	{CSLI Publications},
  url	      =	{http://cslipublications.stanford.edu/HPSG/2011/},
  url_checked = {28.10.2011},
  pages       = {46--59},
  year	      =	2011
}


@InProceedings{Hahn:2011a-cr,
  crossref    = {Mueller2011a-ed},
  author      = {Michael Hahn},
  title       = {Null Conjuncts and Bound Pronouns in Arabic},
  pages       = {60--80},
}


@InProceedings{Hahn:2011a,
  author      = {Michael Hahn},
  title       = {Null Conjuncts and Bound Pronouns in Arabics},
  booktitle   =	{The Proceedings of the 18th International Conference on Head-Driven Phrase Structure Grammar},
  editor      =	{Stefan M{\"u}ller},
  address     =	{Stanford},
  publisher   =	{CSLI Publications},
  url	      =	{http://cslipublications.stanford.edu/HPSG/2011/},
  url_checked = {28.10.2011},
  pages       = {60--80},
  year	      =	2011
}


@InProceedings{Hasegawa:Koenig:2011a-cr,
  crossref    = {Mueller2011a-ed},
  author      = {Akio Hasegawa and Jean-Pierre Koenig},
  title       = {Focus particles, secondary meanings, and Lexical Resource Semantics: The case of Japanese shika},
  pages       = {81--101},
}


@InProceedings{Hasegawa:Koenig:2011a,
  author      = {Akio Hasegawa and Jean-Pierre Koenig},
  title       = {Focus particles, secondary meanings, and Lexical Resource Semantics: The case of Japanese shika},
  booktitle   =	{The Proceedings of the 18th International Conference on Head-Driven Phrase Structure Grammar},
  editor      =	{Stefan M{\"u}ller},
  address     =	{Stanford},
  publisher   =	{CSLI Publications},
  url	      =	{http://cslipublications.stanford.edu/HPSG/2011/},
  url_checked = {28.10.2011},
  pages       = {81--101},
  year	      =	2011
}


@InProceedings{Kim:Sells:2011a-cr,
  crossref    = {Mueller2011a-ed},
  author      = {Jong-Bok Kim and Peter Sells},
  title       = {The English Binominal NP Construction: A Construction-Based Perspective},
  pages       = {102--108},
}


@InProceedings{Kim:Sells:2011a,
  author      = {Jong-Bok Kim and Peter Sells},
  title       = {The English Binominal NP Construction: A Construction-Based Perspective},
  booktitle   =	{The Proceedings of the 18th International Conference on Head-Driven Phrase Structure Grammar},
  editor      =	{Stefan M{\"u}ller},
  address     =	{Stanford},
  publisher   =	{CSLI Publications},
  url	      =	{http://cslipublications.stanford.edu/HPSG/2011/},
  url_checked = {28.10.2011},
  pages       = {102--108},
  year	      =	2011
}


@InProceedings{Krieger:Kiefer:2011a-cr,
  crossref    = {Mueller2011a-ed},
  author      = {Hans-Ulrich Krieger and Bernd Kiefer},
  title       = {Converting CCGs into Typed Feature Structure Grammars},
  pages       = {109--125},
}


@InProceedings{Krieger:Kiefer:2011a,
  author      = {Hans-Ulrich Krieger and Bernd Kiefer},
  title       = {Converting CCGs into Typed Feature Structure Grammars},
  booktitle   =	{The Proceedings of the 18th International Conference on Head-Driven Phrase Structure Grammar},
  editor      =	{Stefan M{\"u}ller},
  address     =	{Stanford},
  publisher   =	{CSLI Publications},
  url	      =	{http://cslipublications.stanford.edu/HPSG/2011/},
  url_checked = {28.10.2011},
  pages       = {109--125},
  year	      =	2011
}


@InProceedings{Levine:2011a-cr,
  crossref    = {Mueller2011a-ed},
  author      = {Robert Levine},
  title       = {Linerarization and its discontents},
  pages       = {126--146},
}


@InProceedings{Levine:2011a,
  author      = {Robert Levine},
  title       = {Linerarization and its discontents},
  booktitle   =	{The Proceedings of the 18th International Conference on Head-Driven Phrase Structure Grammar},
  editor      =	{Stefan M{\"u}ller},
  address     =	{Stanford},
  publisher   =	{CSLI Publications},
  url	      =	{http://cslipublications.stanford.edu/HPSG/2011/},
  url_checked = {28.10.2011},
  pages       = {126--146},
  year	      =	2011
}


@InProceedings{Lipenkova:2011a-cr,
  crossref    = {Mueller2011a-ed},
  author      = {Janna Lipenkova},
  title       = {Reanalysis of semantically required dependents as complements in the Chinese ba-construction},
  pages       = {147--166},
}


@InProceedings{Lipenkova:2011a,
  author      = {Janna Lipenkova},
  title       = {Reanalysis of semantically required dependents as complements in the Chinese ba-construction},
  booktitle   =	{The Proceedings of the 18th International Conference on Head-Driven Phrase Structure Grammar},
  editor      =	{Stefan M{\"u}ller},
  address     =	{Stanford},
  publisher   =	{CSLI Publications},
  url	      =	{http://cslipublications.stanford.edu/HPSG/2011/},
  url_checked = {28.10.2011},
  pages       = {147--166},
  year	      =	2011
}


@InProceedings{Mueller:Oersnes:2011a-cr,
  crossref    = {Mueller2011a-ed},
  author      = {Stefan M{\"u}ller and Bjarne {\O}rsnes},
  title       = {Positional Expletives in Danish, German, and Yiddish},
  pages       = {167--187},
}


@InProceedings{Mueller:Oersnes:2011a,
  author      = {Stefan M{\"u}ller and Bjarne {\O}rsnes},
  title       = {Positional Expletives in Danish, German, and Yiddish},
  booktitle   =	{The Proceedings of the 18th International Conference on Head-Driven Phrase Structure Grammar},
  editor      =	{Stefan M{\"u}ller},
  address     =	{Stanford},
  publisher   =	{CSLI Publications},
  url	      =	{http://cslipublications.stanford.edu/HPSG/2011/},
  url_checked = {28.10.2011},
  pages       = {167--187},
  year	      =	2011
}


@InProceedings{Sag:2011a-cr,
  crossref    = {Mueller2011a-ed},
  author      = {Ivan Sag and Joanna Nykiel},
  title       = {Remarks on Sluicing},
  pages       = {188--208},
}


@InProceedings{Sag:2011a,
  author      = {Ivan Sag and Joanna Nykiel},
  title       = {Remarks on Sluicing},
  booktitle   =	{The Proceedings of the 18th International Conference on Head-Driven Phrase Structure Grammar},
  editor      =	{Stefan M{\"u}ller},
  address     =	{Stanford},
  publisher   =	{CSLI Publications},
  url	      =	{http://cslipublications.stanford.edu/HPSG/2011/},
  url_checked = {28.10.2011},
  pages       = {188--208},
  year	      =	2011
}


@InProceedings{Thuilier:2011a-cr,
  crossref    = {Mueller2011a-ed},
  author      = {Juliette Thuilier},
  title       = {Case Suffixes and Postpositions in Hungarian},
  pages       = {209--226},
}


@InProceedings{Thuilier:2011a,
  author      = {Juliette Thuilier},
  title       = {Case Suffixes and Postpositions in Hungarian},
  booktitle   =	{The Proceedings of the 18th International Conference on Head-Driven Phrase Structure Grammar},
  editor      =	{Stefan M{\"u}ller},
  address     =	{Stanford},
  publisher   =	{CSLI Publications},
  url	      =	{http://cslipublications.stanford.edu/HPSG/2011/},
  url_checked = {28.10.2011},
  pages       = {209--226},
  year	      =	2011
}


@InProceedings{Walker:2011a-cr,
  crossref    = {Mueller2011a-ed},
  author      = {Heike Walker},
  title       = {Adjuncts and the HPSG Binding Theory},
  pages       = {227--247},
}


@InProceedings{Walker:2011a,
  author      = {Heike Walker},
  title       = {Adjuncts and the HPSG Binding Theory},
  booktitle   =	{The Proceedings of the 18th International Conference on Head-Driven Phrase Structure Grammar},
  editor      =	{Stefan M{\"u}ller},
  address     =	{Stanford},
  publisher   =	{CSLI Publications},
  url	      =	{http://cslipublications.stanford.edu/HPSG/2011/},
  url_checked = {28.10.2011},
  pages       = {227--247},
  year	      =	2011
}


@InProceedings{Wetta:2011a-cr,
  crossref    = {Mueller2011a-ed},
  author      = {Andrew C. Wetta},
  title       = {A Construction-based Cross-linguistic Analysis of V2 Word Order},
  pages       = {248--268},
}


@InProceedings{Wetta:2011a,
  author      = {Andrew C. Wetta},
  title       = {A Construction-based Cross-linguistic Analysis of V2 Word Order},
  booktitle   =	{The Proceedings of the 18th International Conference on Head-Driven Phrase Structure Grammar},
  editor      =	{Stefan M{\"u}ller},
  address     =	{Stanford},
  publisher   =	{CSLI Publications},
  url	      =	{http://cslipublications.stanford.edu/HPSG/2011/},
  url_checked = {28.10.2011},
  pages       = {248--268},
  year	      =	2011
}


@InProceedings{Bjerre:2011a-cr,
  crossref    = {Mueller2011a-ed},
  author      = {Anne Bjerre},
  title       = {Topic and focus in local subject extractions in Danish},
  pages       = {270--288},
}


@InProceedings{Bjerre:2011a,
  author      = {Anne Bjerre},
  title       = {Topic and focus in local subject extractions in Danish},
  booktitle   =	{The Proceedings of the 18th International Conference on Head-Driven Phrase Structure Grammar},
  editor      =	{Stefan M{\"u}ller},
  address     =	{Stanford},
  publisher   =	{CSLI Publications},
  url	      =	{http://cslipublications.stanford.edu/HPSG/2011/},
  url_checked = {28.10.2011},
  pages       = {270--288},
  year	      =	2011
}


@InProceedings{DeKuthy:Meurers:2011a-cr,
  crossref    = {Mueller2011a-ed},
  author      = {Kordula De Kuthy and Detmar Meurers},
  title       = {Integrating GIVENness into a structured meaning approach in HPSG},
  pages       = {289--301},
}


@InProceedings{DeKuthy:Meurers:2011a,
  author      = {Kordula De Kuthy and Detmar Meurers},
  title       = {Integrating GIVENness into a structured meaning approach in HPSG},
  booktitle   =	{The Proceedings of the 18th International Conference on Head-Driven Phrase Structure Grammar},
  editor      =	{Stefan M{\"u}ller},
  address     =	{Stanford},
  publisher   =	{CSLI Publications},
  url	      =	{http://cslipublications.stanford.edu/HPSG/2011/},
  url_checked = {28.10.2011},
  pages       = {289--301},
  year	      =	2011
}


@InProceedings{Kim:2011a-cr,
  crossref    = {Mueller2011a-ed},
  author      = {Jong-Bok Kim},
  title       = {Floating Numeral Classifiers in Korean: A Thematic-Structure Perspective},
  pages       = {302--313},
}


@InProceedings{Kim:2011a,
  author      = {Jong-Bok Kim},
  title       = {Floating Numeral Classifiers in Korean: A Thematic-Structure Perspective},
  booktitle   =	{The Proceedings of the 18th International Conference on Head-Driven Phrase Structure Grammar},
  editor      =	{Stefan M{\"u}ller},
  address     =	{Stanford},
  publisher   =	{CSLI Publications},
  url	      =	{http://cslipublications.stanford.edu/HPSG/2011/},
  url_checked = {28.10.2011},
  pages       = {302--313},
  year	      =	2011
}


@InProceedings{Light:2011a-cr,
  crossref    = {Mueller2011a-ed},
  author      = {Caitlin Light},
  title       = {The information structure of subject extraposition in Early New High German},
  pages       = {314--326},
}


@InProceedings{Light:2011a,
  author      = {Caitlin Light},
  title       = {The information structure of subject extraposition in Early New High German},
  booktitle   =	{The Proceedings of the 18th International Conference on Head-Driven Phrase Structure Grammar},
  editor      =	{Stefan M{\"u}ller},
  address     =	{Stanford},
  publisher   =	{CSLI Publications},
  url	      =	{http://cslipublications.stanford.edu/HPSG/2011/},
  url_checked = {28.10.2011},
  pages       = {314--326},
  year	      =	2011
}


@InProceedings{Marandin:2011a-cr,
  crossref    = {Mueller2011a-ed},
  author      = {Jean-Marie Marandin},
  title       = {Subject Inversion in French. The Limits of Information Structure},
  pages       = {327--347},
}


@InProceedings{Marandin:2011a,
  author      = {Jean-Marie Marandin},
  title       = {Subject Inversion in French. The Limits of Information Structure},
  booktitle   =	{The Proceedings of the 18th International Conference on Head-Driven Phrase Structure Grammar},
  editor      =	{Stefan M{\"u}ller},
  address     =	{Stanford},
  publisher   =	{CSLI Publications},
  url	      =	{http://cslipublications.stanford.edu/HPSG/2011/},
  url_checked = {28.10.2011},
  pages       = {327--347},
  year	      =	2011
}


@InProceedings{Song:Bender:2011a-cr,
  crossref    = {Mueller2011a-ed},
  author      = {Sanghoun Song and Emily M. Bender},
  title       = {Using Information Structure to Improve Transfer-based MT},
  pages       = {348--368},
}


@InProceedings{Song:Bender:2011a,
  author      = {Sanghoun Song and Emily M. Bender},
  title       = {Using Information Structure to Improve Transfer-based MT},
  booktitle   =	{The Proceedings of the 18th International Conference on Head-Driven Phrase Structure Grammar},
  editor      =	{Stefan M{\"u}ller},
  address     =	{Stanford},
  publisher   =	{CSLI Publications},
  url	      =	{http://cslipublications.stanford.edu/HPSG/2011/},
  url_checked = {28.10.2011},
  pages       = {348--368},
  year	      =	2011
}


@InProceedings{Stevens:2011a-cr,
  crossref    = {Mueller2011a-ed},
  author      = {Jon Stevens},
  title       = {Information Structure as Parallel Tree Building},
  pages       = {369--386},
}


@InProceedings{Stevens:2011a,
  author      = {Jon Stevens},
  title       = {Information Structure as Parallel Tree Building},
  booktitle   =	{The Proceedings of the 18th International Conference on Head-Driven Phrase Structure Grammar},
  editor      =	{Stefan M{\"u}ller},
  address     =	{Stanford},
  publisher   =	{CSLI Publications},
  url	      =	{http://cslipublications.stanford.edu/HPSG/2011/},
  url_checked = {28.10.2011},
  pages       = {369--386},
  year	      =	2011
}
