@inproceedings{:2011,
  author    = {Ball Douglas},
  title     = {Morphology in the `Wrong' Place: The Curious Case of Coast Tsimshian Connectives},
  booktitle = {Proceedings of the 18th International Conference on Head-Driven Phrase Structure Grammar, University of Washington},
  editor    = {Stefan M\"{u}ller},
  OPTissn   = {15351793},
  url       = {http://cslipublications.stanford.edu/HPSG/2011/.pdf},
  publisher = {CSLI Publications},
  address   = {Stanford, CA},
  pages     = {28--28},
  year      = {2011},
}

@inproceedings{:2011-cr,
  crossref  = {Mueller2011a-ed},
  author    = {Ball Douglas},
  title     = {Morphology in the `Wrong' Place: The Curious Case of Coast Tsimshian Connectives},
  url       = {http://cslipublications.stanford.edu/HPSG/2011/.pdf},
  pages     = {28--28},
}

@proceedings{Mueller2011a-ed,
  editor    = {Stefan M\"{u}ller},
  title     = {Proceedings of the 18th International Conference on Head-Driven Phrase Structure Grammar, University of Washington},
  booktitle = {Proceedings of the 18th International Conference on Head-Driven Phrase Structure Grammar, University of Washington},
  publisher = {CSLI Publications},
  address   = {Stanford, CA},
  OPTissn   = {15351793},
  url       = {http://cslipublications.stanford.edu/HPSG/2011/},
  year      = {2011},
}

