@inproceedings{alahverdzhieva-lascarides:2011,
  author    = {Alahverdzhieva, Katya and Lascarides, Alex},
  title     = {An HPSG Approach to Synchronous Speech and Deixis},
  booktitle = {{Proceedings of the 18th International Conference on Head-Driven Phrase Structure Grammar, University of Washington}},
  editor    = {M{\"u}ller, Stefan},
  OPTissn   = {15351793},
  url       = {http://cslipublications.stanford.edu/HPSG/2011/alahverdzhieva-lascarides.pdf},
  publisher = {CSLI Publications},
  address   = {Stanford, CA},
  pages     = {6--24},
  year      = {2011},
}

@inproceedings{alahverdzhieva-lascarides:2011-cr,
  crossref  = {Mueller2011a-ed},
  author    = {Alahverdzhieva, Katya and Lascarides, Alex},
  title     = {An HPSG Approach to Synchronous Speech and Deixis},
  url       = {http://cslipublications.stanford.edu/HPSG/2011/alahverdzhieva-lascarides.pdf},
  pages     = {6--24},
}

@proceedings{Mueller2011a-ed,
  editor    = {M{\"u}ller, Stefan},
  title     = {{Proceedings of the 18th International Conference on Head-Driven Phrase Structure Grammar, University of Washington}},
  booktitle = {{Proceedings of the 18th International Conference on Head-Driven Phrase Structure Grammar, University of Washington}},
  publisher = {CSLI Publications},
  address   = {Stanford, CA},
  OPTissn   = {15351793},
  url       = {http://cslipublications.stanford.edu/HPSG/2011/},
  year      = {2011},
}

