@inproceedings{ball:2011,
  author    = {Ball, Douglas},
  title     = {Morphology in the `Wrong' Place: The Curious Case of Coast Tsimshian Connectives},
  booktitle = {{Proceedings of the 18th International Conference on Head-Driven Phrase Structure Grammar, University of Washington}},
  editor    = {M{\"u}ller, Stefan},
  OPTissn   = {15351793},
  url       = {http://cslipublications.stanford.edu/HPSG/2011/ball.pdf},
  publisher = {CSLI Publications},
  address   = {Stanford, CA},
  pages     = {25--45},
  year      = {2011},
}

@inproceedings{ball:2011-cr,
  crossref  = {Mueller2011a-ed},
  author    = {Ball, Douglas},
  title     = {Morphology in the `Wrong' Place: The Curious Case of Coast Tsimshian Connectives},
  url       = {http://cslipublications.stanford.edu/HPSG/2011/ball.pdf},
  pages     = {25--45},
}

@proceedings{Mueller2011a-ed,
  editor    = {M{\"u}ller, Stefan},
  title     = {{Proceedings of the 18th International Conference on Head-Driven Phrase Structure Grammar, University of Washington}},
  booktitle = {{Proceedings of the 18th International Conference on Head-Driven Phrase Structure Grammar, University of Washington}},
  publisher = {CSLI Publications},
  address   = {Stanford, CA},
  OPTissn   = {15351793},
  url       = {http://cslipublications.stanford.edu/HPSG/2011/},
  year      = {2011},
}

