@inproceedings{bjerre:2011,
  author    = {Bjerre, Anne},
  title     = {Topic and focus in local subject extractions in Danish},
  booktitle = {{Proceedings of the 18th International Conference on Head-Driven Phrase Structure Grammar, University of Washington}},
  editor    = {M{\"u}ller, Stefan},
  OPTissn   = {15351793},
  url       = {http://cslipublications.stanford.edu/HPSG/2011/bjerre.pdf},
  publisher = {CSLI Publications},
  address   = {Stanford, CA},
  pages     = {270--288},
  year      = {2011},
}

@inproceedings{bjerre:2011-cr,
  crossref  = {Mueller2011a-ed},
  author    = {Bjerre, Anne},
  title     = {Topic and focus in local subject extractions in Danish},
  url       = {http://cslipublications.stanford.edu/HPSG/2011/bjerre.pdf},
  pages     = {270--288},
}

@proceedings{Mueller2011a-ed,
  editor    = {M{\"u}ller, Stefan},
  title     = {{Proceedings of the 18th International Conference on Head-Driven Phrase Structure Grammar, University of Washington}},
  booktitle = {{Proceedings of the 18th International Conference on Head-Driven Phrase Structure Grammar, University of Washington}},
  publisher = {CSLI Publications},
  address   = {Stanford, CA},
  OPTissn   = {15351793},
  url       = {http://cslipublications.stanford.edu/HPSG/2011/},
  year      = {2011},
}

