@inproceedings{crowgey-bender:2011,
  author    = {Crowgey, Joshua and Bender, Emily M.},
  title     = {Analyzing Interacting Phenomena: Word Order and Negation in Basque},
  booktitle = {{Proceedings of the 18th International Conference on Head-Driven Phrase Structure Grammar, University of Washington}},
  editor    = {M{\"u}ller, Stefan},
  OPTissn   = {15351793},
  url       = {http://cslipublications.stanford.edu/HPSG/2011/crowgey-bender.pdf},
  publisher = {CSLI Publications},
  address   = {Stanford, CA},
  pages     = {46--59},
  year      = {2011},
}

@inproceedings{crowgey-bender:2011-cr,
  crossref  = {Mueller2011a-ed},
  author    = {Crowgey, Joshua and Bender, Emily M.},
  title     = {Analyzing Interacting Phenomena: Word Order and Negation in Basque},
  url       = {http://cslipublications.stanford.edu/HPSG/2011/crowgey-bender.pdf},
  pages     = {46--59},
}

@proceedings{Mueller2011a-ed,
  editor    = {M{\"u}ller, Stefan},
  title     = {{Proceedings of the 18th International Conference on Head-Driven Phrase Structure Grammar, University of Washington}},
  booktitle = {{Proceedings of the 18th International Conference on Head-Driven Phrase Structure Grammar, University of Washington}},
  publisher = {CSLI Publications},
  address   = {Stanford, CA},
  OPTissn   = {15351793},
  url       = {http://cslipublications.stanford.edu/HPSG/2011/},
  year      = {2011},
}

