@inproceedings{dekuthy-meurers:2011,
  author    = {De Kuthy, Kordula and Meurers, Detmar},
  title     = {Integrating GIVENness into a structured meaning approach in HPSG},
  booktitle = {{Proceedings of the 18th International Conference on Head-Driven Phrase Structure Grammar, University of Washington}},
  editor    = {M{\"u}ller, Stefan},
  OPTissn   = {15351793},
  url       = {http://cslipublications.stanford.edu/HPSG/2011/dekuthy-meurers.pdf},
  publisher = {CSLI Publications},
  address   = {Stanford, CA},
  pages     = {289--301},
  year      = {2011},
}

@inproceedings{dekuthy-meurers:2011-cr,
  crossref  = {Mueller2011a-ed},
  author    = {De Kuthy, Kordula and Meurers, Detmar},
  title     = {Integrating GIVENness into a structured meaning approach in HPSG},
  url       = {http://cslipublications.stanford.edu/HPSG/2011/dekuthy-meurers.pdf},
  pages     = {289--301},
}

@proceedings{Mueller2011a-ed,
  editor    = {M{\"u}ller, Stefan},
  title     = {{Proceedings of the 18th International Conference on Head-Driven Phrase Structure Grammar, University of Washington}},
  booktitle = {{Proceedings of the 18th International Conference on Head-Driven Phrase Structure Grammar, University of Washington}},
  publisher = {CSLI Publications},
  address   = {Stanford, CA},
  OPTissn   = {15351793},
  url       = {http://cslipublications.stanford.edu/HPSG/2011/},
  year      = {2011},
}

