@inproceedings{hahn:2011,
  author    = {Hahn, Michael},
  title     = {Null Conjuncts and Bound Pronouns in Arabic},
  booktitle = {{Proceedings of the 18th International Conference on Head-Driven Phrase Structure Grammar, University of Washington}},
  editor    = {M{\"u}ller, Stefan},
  OPTissn   = {15351793},
  url       = {http://cslipublications.stanford.edu/HPSG/2011/hahn.pdf},
  publisher = {CSLI Publications},
  address   = {Stanford, CA},
  pages     = {60--80},
  year      = {2011},
}

@inproceedings{hahn:2011-cr,
  crossref  = {Mueller2011a-ed},
  author    = {Hahn, Michael},
  title     = {Null Conjuncts and Bound Pronouns in Arabic},
  url       = {http://cslipublications.stanford.edu/HPSG/2011/hahn.pdf},
  pages     = {60--80},
}

@proceedings{Mueller2011a-ed,
  editor    = {M{\"u}ller, Stefan},
  title     = {{Proceedings of the 18th International Conference on Head-Driven Phrase Structure Grammar, University of Washington}},
  booktitle = {{Proceedings of the 18th International Conference on Head-Driven Phrase Structure Grammar, University of Washington}},
  publisher = {CSLI Publications},
  address   = {Stanford, CA},
  OPTissn   = {15351793},
  url       = {http://cslipublications.stanford.edu/HPSG/2011/},
  year      = {2011},
}

