@inproceedings{hasegawa-koenig:2011,
  author    = {Hasegawa, Akio and Koenig,  Jean-Pierre},
  title     = {Focus particles, secondary meanings, and Lexical Resource Semantics: The case of Japanese \emph{shika}},
  booktitle = {{Proceedings of the 18th International Conference on Head-Driven Phrase Structure Grammar, University of Washington}},
  editor    = {M{\"u}ller, Stefan},
  OPTissn   = {15351793},
  url       = {http://cslipublications.stanford.edu/HPSG/2011/hasegawa-koenig.pdf},
  publisher = {CSLI Publications},
  address   = {Stanford, CA},
  pages     = {81--101},
  year      = {2011},
}

@inproceedings{hasegawa-koenig:2011-cr,
  crossref  = {Mueller2011a-ed},
  author    = {Hasegawa, Akio and Koenig,  Jean-Pierre},
  title     = {Focus particles, secondary meanings, and Lexical Resource Semantics: The case of Japanese \emph{shika}},
  url       = {http://cslipublications.stanford.edu/HPSG/2011/hasegawa-koenig.pdf},
  pages     = {81--101},
}

@proceedings{Mueller2011a-ed,
  editor    = {M{\"u}ller, Stefan},
  title     = {{Proceedings of the 18th International Conference on Head-Driven Phrase Structure Grammar, University of Washington}},
  booktitle = {{Proceedings of the 18th International Conference on Head-Driven Phrase Structure Grammar, University of Washington}},
  publisher = {CSLI Publications},
  address   = {Stanford, CA},
  OPTissn   = {15351793},
  url       = {http://cslipublications.stanford.edu/HPSG/2011/},
  year      = {2011},
}

