@proceedings{Mueller2011a-ed,
  editor    = {M{\"u}ller, Stefan},
  title     = {{Proceedings of the 18th International Conference on Head-Driven Phrase Structure Grammar, University of Washington}},
  booktitle = {{Proceedings of the 18th International Conference on Head-Driven Phrase Structure Grammar, University of Washington}},
  url       = {http://cslipublications.stanford.edu/HPSG/2011/},
  publisher = {CSLI Publications},
  address   = {Stanford, CA},
  OPTissn   = {15351793},
  year      = {2011},
}

@inproceedings{alahverdzhieva-lascarides:2011,
  author    = {Alahverdzhieva, Katya and Lascarides, Alex},
  title     = {An HPSG Approach to Synchronous Speech and Deixis},
  booktitle = {{Proceedings of the 18th International Conference on Head-Driven Phrase Structure Grammar, University of Washington}},
  editor    = {M{\"u}ller, Stefan},
  OPTissn   = {15351793},
  url       = {http://cslipublications.stanford.edu/HPSG/2011/alahverdzhieva-lascarides.pdf},
  publisher = {CSLI Publications},
  address   = {Stanford, CA},
  pages     = {6--24},
  year      = {2011},
}

@inproceedings{alahverdzhieva-lascarides:2011-cr,
  crossref  = {Mueller2011a-ed},
  author    = {Alahverdzhieva, Katya and Lascarides, Alex},
  title     = {An HPSG Approach to Synchronous Speech and Deixis},
  url       = {http://cslipublications.stanford.edu/HPSG/2011/alahverdzhieva-lascarides.pdf},
  pages     = {6--24},
}

@inproceedings{ball:2011,
  author    = {Ball, Douglas},
  title     = {Morphology in the `Wrong' Place: The Curious Case of Coast Tsimshian Connectives},
  booktitle = {{Proceedings of the 18th International Conference on Head-Driven Phrase Structure Grammar, University of Washington}},
  editor    = {M{\"u}ller, Stefan},
  OPTissn   = {15351793},
  url       = {http://cslipublications.stanford.edu/HPSG/2011/ball.pdf},
  publisher = {CSLI Publications},
  address   = {Stanford, CA},
  pages     = {25--45},
  year      = {2011},
}

@inproceedings{ball:2011-cr,
  crossref  = {Mueller2011a-ed},
  author    = {Ball, Douglas},
  title     = {Morphology in the `Wrong' Place: The Curious Case of Coast Tsimshian Connectives},
  url       = {http://cslipublications.stanford.edu/HPSG/2011/ball.pdf},
  pages     = {25--45},
}

@inproceedings{crowgey-bender:2011,
  author    = {Crowgey, Joshua and Bender, Emily M.},
  title     = {Analyzing Interacting Phenomena: Word Order and Negation in Basque},
  booktitle = {{Proceedings of the 18th International Conference on Head-Driven Phrase Structure Grammar, University of Washington}},
  editor    = {M{\"u}ller, Stefan},
  OPTissn   = {15351793},
  url       = {http://cslipublications.stanford.edu/HPSG/2011/crowgey-bender.pdf},
  publisher = {CSLI Publications},
  address   = {Stanford, CA},
  pages     = {46--59},
  year      = {2011},
}

@inproceedings{crowgey-bender:2011-cr,
  crossref  = {Mueller2011a-ed},
  author    = {Crowgey, Joshua and Bender, Emily M.},
  title     = {Analyzing Interacting Phenomena: Word Order and Negation in Basque},
  url       = {http://cslipublications.stanford.edu/HPSG/2011/crowgey-bender.pdf},
  pages     = {46--59},
}

@inproceedings{hahn:2011,
  author    = {Hahn, Michael},
  title     = {Null Conjuncts and Bound Pronouns in Arabic},
  booktitle = {{Proceedings of the 18th International Conference on Head-Driven Phrase Structure Grammar, University of Washington}},
  editor    = {M{\"u}ller, Stefan},
  OPTissn   = {15351793},
  url       = {http://cslipublications.stanford.edu/HPSG/2011/hahn.pdf},
  publisher = {CSLI Publications},
  address   = {Stanford, CA},
  pages     = {60--80},
  year      = {2011},
}

@inproceedings{hahn:2011-cr,
  crossref  = {Mueller2011a-ed},
  author    = {Hahn, Michael},
  title     = {Null Conjuncts and Bound Pronouns in Arabic},
  url       = {http://cslipublications.stanford.edu/HPSG/2011/hahn.pdf},
  pages     = {60--80},
}

@inproceedings{hasegawa-koenig:2011,
  author    = {Hasegawa, Akio and Koenig,  Jean-Pierre},
  title     = {Focus particles, secondary meanings, and Lexical Resource Semantics: The case of Japanese \emph{shika}},
  booktitle = {{Proceedings of the 18th International Conference on Head-Driven Phrase Structure Grammar, University of Washington}},
  editor    = {M{\"u}ller, Stefan},
  OPTissn   = {15351793},
  url       = {http://cslipublications.stanford.edu/HPSG/2011/hasegawa-koenig.pdf},
  publisher = {CSLI Publications},
  address   = {Stanford, CA},
  pages     = {81--101},
  year      = {2011},
}

@inproceedings{hasegawa-koenig:2011-cr,
  crossref  = {Mueller2011a-ed},
  author    = {Hasegawa, Akio and Koenig,  Jean-Pierre},
  title     = {Focus particles, secondary meanings, and Lexical Resource Semantics: The case of Japanese \emph{shika}},
  url       = {http://cslipublications.stanford.edu/HPSG/2011/hasegawa-koenig.pdf},
  pages     = {81--101},
}

@inproceedings{kim-sells:2011,
  author    = {Kim, Jong-Bok and Sells, Peter},
  title     = {The English Binominal NP Construction: A Construction-Based Perspective},
  booktitle = {{Proceedings of the 18th International Conference on Head-Driven Phrase Structure Grammar, University of Washington}},
  editor    = {M{\"u}ller, Stefan},
  OPTissn   = {15351793},
  url       = {http://cslipublications.stanford.edu/HPSG/2011/kim-sells.pdf},
  publisher = {CSLI Publications},
  address   = {Stanford, CA},
  pages     = {102--108},
  year      = {2011},
}

@inproceedings{kim-sells:2011-cr,
  crossref  = {Mueller2011a-ed},
  author    = {Kim, Jong-Bok and Sells, Peter},
  title     = {The English Binominal NP Construction: A Construction-Based Perspective},
  url       = {http://cslipublications.stanford.edu/HPSG/2011/kim-sells.pdf},
  pages     = {102--108},
}

@inproceedings{krieger-kiefer:2011,
  author    = {Krieger, Hans-Ulrich and Kiefer, Bernd},
  title     = {Converting CCGs into Typed Feature Structure Grammars},
  booktitle = {{Proceedings of the 18th International Conference on Head-Driven Phrase Structure Grammar, University of Washington}},
  editor    = {M{\"u}ller, Stefan},
  OPTissn   = {15351793},
  url       = {http://cslipublications.stanford.edu/HPSG/2011/krieger-kiefer.pdf},
  publisher = {CSLI Publications},
  address   = {Stanford, CA},
  pages     = {109--125},
  year      = {2011},
}

@inproceedings{krieger-kiefer:2011-cr,
  crossref  = {Mueller2011a-ed},
  author    = {Krieger, Hans-Ulrich and Kiefer, Bernd},
  title     = {Converting CCGs into Typed Feature Structure Grammars},
  url       = {http://cslipublications.stanford.edu/HPSG/2011/krieger-kiefer.pdf},
  pages     = {109--125},
}

@inproceedings{levine:2011,
  author    = {Levine, Robert},
  title     = {Linearization and its discontents},
  booktitle = {{Proceedings of the 18th International Conference on Head-Driven Phrase Structure Grammar, University of Washington}},
  editor    = {M{\"u}ller, Stefan},
  OPTissn   = {15351793},
  url       = {http://cslipublications.stanford.edu/HPSG/2011/levine.pdf},
  publisher = {CSLI Publications},
  address   = {Stanford, CA},
  pages     = {126--146},
  year      = {2011},
}

@inproceedings{levine:2011-cr,
  crossref  = {Mueller2011a-ed},
  author    = {Levine, Robert},
  title     = {Linearization and its discontents},
  url       = {http://cslipublications.stanford.edu/HPSG/2011/levine.pdf},
  pages     = {126--146},
}

@inproceedings{lipenkova:2011,
  author    = {Lipenkova, Janna},
  title     = {Reanalysis of semantically required dependents as complements in the Chinese \emph{ba}-construction},
  booktitle = {{Proceedings of the 18th International Conference on Head-Driven Phrase Structure Grammar, University of Washington}},
  editor    = {M{\"u}ller, Stefan},
  OPTissn   = {15351793},
  url       = {http://cslipublications.stanford.edu/HPSG/2011/lipenkova.pdf},
  publisher = {CSLI Publications},
  address   = {Stanford, CA},
  pages     = {147--166},
  year      = {2011},
}

@inproceedings{lipenkova:2011-cr,
  crossref  = {Mueller2011a-ed},
  author    = {Lipenkova, Janna},
  title     = {Reanalysis of semantically required dependents as complements in the Chinese \emph{ba}-construction},
  url       = {http://cslipublications.stanford.edu/HPSG/2011/lipenkova.pdf},
  pages     = {147--166},
}

@inproceedings{mueller-oersnes:2011,
  author    = {M{\"u}ller, Stefan and {\O}rsnes,  Bjarne},
  title     = {Positional Expletives in Danish, German, and Yiddish},
  booktitle = {{Proceedings of the 18th International Conference on Head-Driven Phrase Structure Grammar, University of Washington}},
  editor    = {M{\"u}ller, Stefan},
  OPTissn   = {15351793},
  url       = {http://cslipublications.stanford.edu/HPSG/2011/mueller-oersnes.pdf},
  publisher = {CSLI Publications},
  address   = {Stanford, CA},
  pages     = {167--187},
  year      = {2011},
}

@inproceedings{mueller-oersnes:2011-cr,
  crossref  = {Mueller2011a-ed},
  author    = {M{\"u}ller, Stefan and {\O}rsnes,  Bjarne},
  title     = {Positional Expletives in Danish, German, and Yiddish},
  url       = {http://cslipublications.stanford.edu/HPSG/2011/mueller-oersnes.pdf},
  pages     = {167--187},
}

@inproceedings{sag-nykiel:2011,
  author    = {Sag, Ivan A. and Nykiel, Joanna},
  title     = {Remarks on Sluicing},
  booktitle = {{Proceedings of the 18th International Conference on Head-Driven Phrase Structure Grammar, University of Washington}},
  editor    = {M{\"u}ller, Stefan},
  OPTissn   = {15351793},
  url       = {http://cslipublications.stanford.edu/HPSG/2011/sag-nykiel.pdf},
  publisher = {CSLI Publications},
  address   = {Stanford, CA},
  pages     = {188--208},
  year      = {2011},
}

@inproceedings{sag-nykiel:2011-cr,
  crossref  = {Mueller2011a-ed},
  author    = {Sag, Ivan A. and Nykiel, Joanna},
  title     = {Remarks on Sluicing},
  url       = {http://cslipublications.stanford.edu/HPSG/2011/sag-nykiel.pdf},
  pages     = {188--208},
}

@inproceedings{thuilier:2011,
  author    = {Thuilier, Juliette},
  title     = {Case Suffixes and Postpositions in Hungarian},
  booktitle = {{Proceedings of the 18th International Conference on Head-Driven Phrase Structure Grammar, University of Washington}},
  editor    = {M{\"u}ller, Stefan},
  OPTissn   = {15351793},
  url       = {http://cslipublications.stanford.edu/HPSG/2011/thuilier.pdf},
  publisher = {CSLI Publications},
  address   = {Stanford, CA},
  pages     = {209--226},
  year      = {2011},
}

@inproceedings{thuilier:2011-cr,
  crossref  = {Mueller2011a-ed},
  author    = {Thuilier, Juliette},
  title     = {Case Suffixes and Postpositions in Hungarian},
  url       = {http://cslipublications.stanford.edu/HPSG/2011/thuilier.pdf},
  pages     = {209--226},
}

@inproceedings{walker:2011,
  author    = {Walker, Heike},
  title     = {Adjuncts and the HPSG Binding Theory},
  booktitle = {{Proceedings of the 18th International Conference on Head-Driven Phrase Structure Grammar, University of Washington}},
  editor    = {M{\"u}ller, Stefan},
  OPTissn   = {15351793},
  url       = {http://cslipublications.stanford.edu/HPSG/2011/walker.pdf},
  publisher = {CSLI Publications},
  address   = {Stanford, CA},
  pages     = {227--247},
  year      = {2011},
}

@inproceedings{walker:2011-cr,
  crossref  = {Mueller2011a-ed},
  author    = {Walker, Heike},
  title     = {Adjuncts and the HPSG Binding Theory},
  url       = {http://cslipublications.stanford.edu/HPSG/2011/walker.pdf},
  pages     = {227--247},
}

@inproceedings{wetta:2011,
  author    = {Wetta, Andrew C.},
  title     = {A Construction-based Cross-linguistic Analysis of V2 Word Order},
  booktitle = {{Proceedings of the 18th International Conference on Head-Driven Phrase Structure Grammar, University of Washington}},
  editor    = {M{\"u}ller, Stefan},
  OPTissn   = {15351793},
  url       = {http://cslipublications.stanford.edu/HPSG/2011/wetta.pdf},
  publisher = {CSLI Publications},
  address   = {Stanford, CA},
  pages     = {248--268},
  year      = {2011},
}

@inproceedings{wetta:2011-cr,
  crossref  = {Mueller2011a-ed},
  author    = {Wetta, Andrew C.},
  title     = {A Construction-based Cross-linguistic Analysis of V2 Word Order},
  url       = {http://cslipublications.stanford.edu/HPSG/2011/wetta.pdf},
  pages     = {248--268},
}

@inproceedings{bjerre:2011,
  author    = {Bjerre, Anne},
  title     = {Topic and focus in local subject extractions in Danish},
  booktitle = {{Proceedings of the 18th International Conference on Head-Driven Phrase Structure Grammar, University of Washington}},
  editor    = {M{\"u}ller, Stefan},
  OPTissn   = {15351793},
  url       = {http://cslipublications.stanford.edu/HPSG/2011/bjerre.pdf},
  publisher = {CSLI Publications},
  address   = {Stanford, CA},
  pages     = {270--288},
  year      = {2011},
}

@inproceedings{bjerre:2011-cr,
  crossref  = {Mueller2011a-ed},
  author    = {Bjerre, Anne},
  title     = {Topic and focus in local subject extractions in Danish},
  url       = {http://cslipublications.stanford.edu/HPSG/2011/bjerre.pdf},
  pages     = {270--288},
}

@inproceedings{dekuthy-meurers:2011,
  author    = {De Kuthy, Kordula and Meurers, Detmar},
  title     = {Integrating GIVENness into a structured meaning approach in HPSG},
  booktitle = {{Proceedings of the 18th International Conference on Head-Driven Phrase Structure Grammar, University of Washington}},
  editor    = {M{\"u}ller, Stefan},
  OPTissn   = {15351793},
  url       = {http://cslipublications.stanford.edu/HPSG/2011/dekuthy-meurers.pdf},
  publisher = {CSLI Publications},
  address   = {Stanford, CA},
  pages     = {289--301},
  year      = {2011},
}

@inproceedings{dekuthy-meurers:2011-cr,
  crossref  = {Mueller2011a-ed},
  author    = {De Kuthy, Kordula and Meurers, Detmar},
  title     = {Integrating GIVENness into a structured meaning approach in HPSG},
  url       = {http://cslipublications.stanford.edu/HPSG/2011/dekuthy-meurers.pdf},
  pages     = {289--301},
}

@inproceedings{kim:2011,
  author    = {Kim, Jong-Bok},
  title     = {Floating Numeral Classifiers in Korean: A Thematic-Structure Perspective},
  booktitle = {{Proceedings of the 18th International Conference on Head-Driven Phrase Structure Grammar, University of Washington}},
  editor    = {M{\"u}ller, Stefan},
  OPTissn   = {15351793},
  url       = {http://cslipublications.stanford.edu/HPSG/2011/kim.pdf},
  publisher = {CSLI Publications},
  address   = {Stanford, CA},
  pages     = {302--313},
  year      = {2011},
}

@inproceedings{kim:2011-cr,
  crossref  = {Mueller2011a-ed},
  author    = {Kim, Jong-Bok},
  title     = {Floating Numeral Classifiers in Korean: A Thematic-Structure Perspective},
  url       = {http://cslipublications.stanford.edu/HPSG/2011/kim.pdf},
  pages     = {302--313},
}

@inproceedings{light:2011,
  author    = {Light, Caitlin},
  title     = {The information structure of subject extraposition in Early New High German},
  booktitle = {{Proceedings of the 18th International Conference on Head-Driven Phrase Structure Grammar, University of Washington}},
  editor    = {M{\"u}ller, Stefan},
  OPTissn   = {15351793},
  url       = {http://cslipublications.stanford.edu/HPSG/2011/light.pdf},
  publisher = {CSLI Publications},
  address   = {Stanford, CA},
  pages     = {314--326},
  year      = {2011},
}

@inproceedings{light:2011-cr,
  crossref  = {Mueller2011a-ed},
  author    = {Light, Caitlin},
  title     = {The information structure of subject extraposition in Early New High German},
  url       = {http://cslipublications.stanford.edu/HPSG/2011/light.pdf},
  pages     = {314--326},
}

@inproceedings{marandin:2011,
  author    = {Marandin, Jean-Marie},
  title     = {Subject Inversion in French. The Limits of Information Structure},
  booktitle = {{Proceedings of the 18th International Conference on Head-Driven Phrase Structure Grammar, University of Washington}},
  editor    = {M{\"u}ller, Stefan},
  OPTissn   = {15351793},
  url       = {http://cslipublications.stanford.edu/HPSG/2011/marandin.pdf},
  publisher = {CSLI Publications},
  address   = {Stanford, CA},
  pages     = {327--347},
  year      = {2011},
}

@inproceedings{marandin:2011-cr,
  crossref  = {Mueller2011a-ed},
  author    = {Marandin, Jean-Marie},
  title     = {Subject Inversion in French. The Limits of Information Structure},
  url       = {http://cslipublications.stanford.edu/HPSG/2011/marandin.pdf},
  pages     = {327--347},
}

@inproceedings{song-bender:2011,
  author    = {Song, Sanghoun and Bender, Emily M.},
  title     = {Using Information Structure to Improve Transfer-based MT},
  booktitle = {{Proceedings of the 18th International Conference on Head-Driven Phrase Structure Grammar, University of Washington}},
  editor    = {M{\"u}ller, Stefan},
  OPTissn   = {15351793},
  url       = {http://cslipublications.stanford.edu/HPSG/2011/song-bender.pdf},
  publisher = {CSLI Publications},
  address   = {Stanford, CA},
  pages     = {348--368},
  year      = {2011},
}

@inproceedings{song-bender:2011-cr,
  crossref  = {Mueller2011a-ed},
  author    = {Song, Sanghoun and Bender, Emily M.},
  title     = {Using Information Structure to Improve Transfer-based MT},
  url       = {http://cslipublications.stanford.edu/HPSG/2011/song-bender.pdf},
  pages     = {348--368},
}

@inproceedings{stevens:2011,
  author    = {Stevens, Jon},
  title     = {Information Structure as Parallel Tree Building},
  booktitle = {{Proceedings of the 18th International Conference on Head-Driven Phrase Structure Grammar, University of Washington}},
  editor    = {M{\"u}ller, Stefan},
  OPTissn   = {15351793},
  url       = {http://cslipublications.stanford.edu/HPSG/2011/stevens.pdf},
  publisher = {CSLI Publications},
  address   = {Stanford, CA},
  pages     = {369--386},
  year      = {2011},
}

@inproceedings{stevens:2011-cr,
  crossref  = {Mueller2011a-ed},
  author    = {Stevens, Jon},
  title     = {Information Structure as Parallel Tree Building},
  url       = {http://cslipublications.stanford.edu/HPSG/2011/stevens.pdf},
  pages     = {369--386},
}

