@inproceedings{kim-sells:2011,
  author    = {Kim, Jong-Bok and Sells, Peter},
  title     = {The English Binominal NP Construction: A Construction-Based Perspective},
  booktitle = {{Proceedings of the 18th International Conference on Head-Driven Phrase Structure Grammar, University of Washington}},
  editor    = {M{\"u}ller, Stefan},
  OPTissn   = {15351793},
  url       = {http://cslipublications.stanford.edu/HPSG/2011/kim-sells.pdf},
  publisher = {CSLI Publications},
  address   = {Stanford, CA},
  pages     = {102--108},
  year      = {2011},
}

@inproceedings{kim-sells:2011-cr,
  crossref  = {Mueller2011a-ed},
  author    = {Kim, Jong-Bok and Sells, Peter},
  title     = {The English Binominal NP Construction: A Construction-Based Perspective},
  url       = {http://cslipublications.stanford.edu/HPSG/2011/kim-sells.pdf},
  pages     = {102--108},
}

@proceedings{Mueller2011a-ed,
  editor    = {M{\"u}ller, Stefan},
  title     = {{Proceedings of the 18th International Conference on Head-Driven Phrase Structure Grammar, University of Washington}},
  booktitle = {{Proceedings of the 18th International Conference on Head-Driven Phrase Structure Grammar, University of Washington}},
  publisher = {CSLI Publications},
  address   = {Stanford, CA},
  OPTissn   = {15351793},
  url       = {http://cslipublications.stanford.edu/HPSG/2011/},
  year      = {2011},
}

