@inproceedings{krieger-kiefer:2011,
  author    = {Krieger, Hans-Ulrich and Kiefer, Bernd},
  title     = {Converting CCGs into Typed Feature Structure Grammars},
  booktitle = {{Proceedings of the 18th International Conference on Head-Driven Phrase Structure Grammar, University of Washington}},
  editor    = {M{\"u}ller, Stefan},
  OPTissn   = {15351793},
  url       = {http://cslipublications.stanford.edu/HPSG/2011/krieger-kiefer.pdf},
  publisher = {CSLI Publications},
  address   = {Stanford, CA},
  pages     = {109--125},
  year      = {2011},
}

@inproceedings{krieger-kiefer:2011-cr,
  crossref  = {Mueller2011a-ed},
  author    = {Krieger, Hans-Ulrich and Kiefer, Bernd},
  title     = {Converting CCGs into Typed Feature Structure Grammars},
  url       = {http://cslipublications.stanford.edu/HPSG/2011/krieger-kiefer.pdf},
  pages     = {109--125},
}

@proceedings{Mueller2011a-ed,
  editor    = {M{\"u}ller, Stefan},
  title     = {{Proceedings of the 18th International Conference on Head-Driven Phrase Structure Grammar, University of Washington}},
  booktitle = {{Proceedings of the 18th International Conference on Head-Driven Phrase Structure Grammar, University of Washington}},
  publisher = {CSLI Publications},
  address   = {Stanford, CA},
  OPTissn   = {15351793},
  url       = {http://cslipublications.stanford.edu/HPSG/2011/},
  year      = {2011},
}

