@inproceedings{levine:2011,
  author    = {Levine, Robert},
  title     = {Linearization and its discontents},
  booktitle = {{Proceedings of the 18th International Conference on Head-Driven Phrase Structure Grammar, University of Washington}},
  editor    = {M{\"u}ller, Stefan},
  OPTissn   = {15351793},
  url       = {http://cslipublications.stanford.edu/HPSG/2011/levine.pdf},
  publisher = {CSLI Publications},
  address   = {Stanford, CA},
  pages     = {126--146},
  year      = {2011},
}

@inproceedings{levine:2011-cr,
  crossref  = {Mueller2011a-ed},
  author    = {Levine, Robert},
  title     = {Linearization and its discontents},
  url       = {http://cslipublications.stanford.edu/HPSG/2011/levine.pdf},
  pages     = {126--146},
}

@proceedings{Mueller2011a-ed,
  editor    = {M{\"u}ller, Stefan},
  title     = {{Proceedings of the 18th International Conference on Head-Driven Phrase Structure Grammar, University of Washington}},
  booktitle = {{Proceedings of the 18th International Conference on Head-Driven Phrase Structure Grammar, University of Washington}},
  publisher = {CSLI Publications},
  address   = {Stanford, CA},
  OPTissn   = {15351793},
  url       = {http://cslipublications.stanford.edu/HPSG/2011/},
  year      = {2011},
}

