@inproceedings{light:2011,
  author    = {Light, Caitlin},
  title     = {The information structure of subject extraposition in Early New High German},
  booktitle = {{Proceedings of the 18th International Conference on Head-Driven Phrase Structure Grammar, University of Washington}},
  editor    = {M{\"u}ller, Stefan},
  OPTissn   = {15351793},
  url       = {http://cslipublications.stanford.edu/HPSG/2011/light.pdf},
  publisher = {CSLI Publications},
  address   = {Stanford, CA},
  pages     = {314--326},
  year      = {2011},
}

@inproceedings{light:2011-cr,
  crossref  = {Mueller2011a-ed},
  author    = {Light, Caitlin},
  title     = {The information structure of subject extraposition in Early New High German},
  url       = {http://cslipublications.stanford.edu/HPSG/2011/light.pdf},
  pages     = {314--326},
}

@proceedings{Mueller2011a-ed,
  editor    = {M{\"u}ller, Stefan},
  title     = {{Proceedings of the 18th International Conference on Head-Driven Phrase Structure Grammar, University of Washington}},
  booktitle = {{Proceedings of the 18th International Conference on Head-Driven Phrase Structure Grammar, University of Washington}},
  publisher = {CSLI Publications},
  address   = {Stanford, CA},
  OPTissn   = {15351793},
  url       = {http://cslipublications.stanford.edu/HPSG/2011/},
  year      = {2011},
}

