@inproceedings{lipenkova:2011,
  author    = {Lipenkova, Janna},
  title     = {Reanalysis of semantically required dependents as complements in the Chinese \emph{ba}-construction},
  booktitle = {{Proceedings of the 18th International Conference on Head-Driven Phrase Structure Grammar, University of Washington}},
  editor    = {M{\"u}ller, Stefan},
  OPTissn   = {15351793},
  url       = {http://cslipublications.stanford.edu/HPSG/2011/lipenkova.pdf},
  publisher = {CSLI Publications},
  address   = {Stanford, CA},
  pages     = {147--166},
  year      = {2011},
}

@inproceedings{lipenkova:2011-cr,
  crossref  = {Mueller2011a-ed},
  author    = {Lipenkova, Janna},
  title     = {Reanalysis of semantically required dependents as complements in the Chinese \emph{ba}-construction},
  url       = {http://cslipublications.stanford.edu/HPSG/2011/lipenkova.pdf},
  pages     = {147--166},
}

@proceedings{Mueller2011a-ed,
  editor    = {M{\"u}ller, Stefan},
  title     = {{Proceedings of the 18th International Conference on Head-Driven Phrase Structure Grammar, University of Washington}},
  booktitle = {{Proceedings of the 18th International Conference on Head-Driven Phrase Structure Grammar, University of Washington}},
  publisher = {CSLI Publications},
  address   = {Stanford, CA},
  OPTissn   = {15351793},
  url       = {http://cslipublications.stanford.edu/HPSG/2011/},
  year      = {2011},
}

