@inproceedings{mueller-oersnes:2011,
  author    = {M{\"u}ller, Stefan and {\O}rsnes,  Bjarne},
  title     = {Positional Expletives in Danish, German, and Yiddish},
  booktitle = {{Proceedings of the 18th International Conference on Head-Driven Phrase Structure Grammar, University of Washington}},
  editor    = {M{\"u}ller, Stefan},
  OPTissn   = {15351793},
  url       = {http://cslipublications.stanford.edu/HPSG/2011/mueller-oersnes.pdf},
  publisher = {CSLI Publications},
  address   = {Stanford, CA},
  pages     = {167--187},
  year      = {2011},
}

@inproceedings{mueller-oersnes:2011-cr,
  crossref  = {Mueller2011a-ed},
  author    = {M{\"u}ller, Stefan and {\O}rsnes,  Bjarne},
  title     = {Positional Expletives in Danish, German, and Yiddish},
  url       = {http://cslipublications.stanford.edu/HPSG/2011/mueller-oersnes.pdf},
  pages     = {167--187},
}

@proceedings{Mueller2011a-ed,
  editor    = {M{\"u}ller, Stefan},
  title     = {{Proceedings of the 18th International Conference on Head-Driven Phrase Structure Grammar, University of Washington}},
  booktitle = {{Proceedings of the 18th International Conference on Head-Driven Phrase Structure Grammar, University of Washington}},
  publisher = {CSLI Publications},
  address   = {Stanford, CA},
  OPTissn   = {15351793},
  url       = {http://cslipublications.stanford.edu/HPSG/2011/},
  year      = {2011},
}

