@inproceedings{sag-nykiel:2011,
  author    = {Sag, Ivan A. and Nykiel, Joanna},
  title     = {Remarks on Sluicing},
  booktitle = {{Proceedings of the 18th International Conference on Head-Driven Phrase Structure Grammar, University of Washington}},
  editor    = {M{\"u}ller, Stefan},
  OPTissn   = {15351793},
  url       = {http://cslipublications.stanford.edu/HPSG/2011/sag-nykiel.pdf},
  publisher = {CSLI Publications},
  address   = {Stanford, CA},
  pages     = {188--208},
  year      = {2011},
}

@inproceedings{sag-nykiel:2011-cr,
  crossref  = {Mueller2011a-ed},
  author    = {Sag, Ivan A. and Nykiel, Joanna},
  title     = {Remarks on Sluicing},
  url       = {http://cslipublications.stanford.edu/HPSG/2011/sag-nykiel.pdf},
  pages     = {188--208},
}

@proceedings{Mueller2011a-ed,
  editor    = {M{\"u}ller, Stefan},
  title     = {{Proceedings of the 18th International Conference on Head-Driven Phrase Structure Grammar, University of Washington}},
  booktitle = {{Proceedings of the 18th International Conference on Head-Driven Phrase Structure Grammar, University of Washington}},
  publisher = {CSLI Publications},
  address   = {Stanford, CA},
  OPTissn   = {15351793},
  url       = {http://cslipublications.stanford.edu/HPSG/2011/},
  year      = {2011},
}

