@inproceedings{song-bender:2011,
  author    = {Song, Sanghoun and Bender, Emily M.},
  title     = {Using Information Structure to Improve Transfer-based MT},
  booktitle = {{Proceedings of the 18th International Conference on Head-Driven Phrase Structure Grammar, University of Washington}},
  editor    = {M{\"u}ller, Stefan},
  OPTissn   = {15351793},
  url       = {http://cslipublications.stanford.edu/HPSG/2011/song-bender.pdf},
  publisher = {CSLI Publications},
  address   = {Stanford, CA},
  pages     = {348--368},
  year      = {2011},
}

@inproceedings{song-bender:2011-cr,
  crossref  = {Mueller2011a-ed},
  author    = {Song, Sanghoun and Bender, Emily M.},
  title     = {Using Information Structure to Improve Transfer-based MT},
  url       = {http://cslipublications.stanford.edu/HPSG/2011/song-bender.pdf},
  pages     = {348--368},
}

@proceedings{Mueller2011a-ed,
  editor    = {M{\"u}ller, Stefan},
  title     = {{Proceedings of the 18th International Conference on Head-Driven Phrase Structure Grammar, University of Washington}},
  booktitle = {{Proceedings of the 18th International Conference on Head-Driven Phrase Structure Grammar, University of Washington}},
  publisher = {CSLI Publications},
  address   = {Stanford, CA},
  OPTissn   = {15351793},
  url       = {http://cslipublications.stanford.edu/HPSG/2011/},
  year      = {2011},
}

