@inproceedings{stevens:2011,
  author    = {Stevens, Jon},
  title     = {Information Structure as Parallel Tree Building},
  booktitle = {{Proceedings of the 18th International Conference on Head-Driven Phrase Structure Grammar, University of Washington}},
  editor    = {M{\"u}ller, Stefan},
  OPTissn   = {15351793},
  url       = {http://cslipublications.stanford.edu/HPSG/2011/stevens.pdf},
  publisher = {CSLI Publications},
  address   = {Stanford, CA},
  pages     = {369--386},
  year      = {2011},
}

@inproceedings{stevens:2011-cr,
  crossref  = {Mueller2011a-ed},
  author    = {Stevens, Jon},
  title     = {Information Structure as Parallel Tree Building},
  url       = {http://cslipublications.stanford.edu/HPSG/2011/stevens.pdf},
  pages     = {369--386},
}

@proceedings{Mueller2011a-ed,
  editor    = {M{\"u}ller, Stefan},
  title     = {{Proceedings of the 18th International Conference on Head-Driven Phrase Structure Grammar, University of Washington}},
  booktitle = {{Proceedings of the 18th International Conference on Head-Driven Phrase Structure Grammar, University of Washington}},
  publisher = {CSLI Publications},
  address   = {Stanford, CA},
  OPTissn   = {15351793},
  url       = {http://cslipublications.stanford.edu/HPSG/2011/},
  year      = {2011},
}

