@inproceedings{thuilier:2011,
  author    = {Thuilier, Juliette},
  title     = {Case Suffixes and Postpositions in Hungarian},
  booktitle = {{Proceedings of the 18th International Conference on Head-Driven Phrase Structure Grammar, University of Washington}},
  editor    = {M{\"u}ller, Stefan},
  OPTissn   = {15351793},
  url       = {http://cslipublications.stanford.edu/HPSG/2011/thuilier.pdf},
  publisher = {CSLI Publications},
  address   = {Stanford, CA},
  pages     = {209--226},
  year      = {2011},
}

@inproceedings{thuilier:2011-cr,
  crossref  = {Mueller2011a-ed},
  author    = {Thuilier, Juliette},
  title     = {Case Suffixes and Postpositions in Hungarian},
  url       = {http://cslipublications.stanford.edu/HPSG/2011/thuilier.pdf},
  pages     = {209--226},
}

@proceedings{Mueller2011a-ed,
  editor    = {M{\"u}ller, Stefan},
  title     = {{Proceedings of the 18th International Conference on Head-Driven Phrase Structure Grammar, University of Washington}},
  booktitle = {{Proceedings of the 18th International Conference on Head-Driven Phrase Structure Grammar, University of Washington}},
  publisher = {CSLI Publications},
  address   = {Stanford, CA},
  OPTissn   = {15351793},
  url       = {http://cslipublications.stanford.edu/HPSG/2011/},
  year      = {2011},
}

