@inproceedings{walker:2011,
  author    = {Walker, Heike},
  title     = {Adjuncts and the HPSG Binding Theory},
  booktitle = {{Proceedings of the 18th International Conference on Head-Driven Phrase Structure Grammar, University of Washington}},
  editor    = {M{\"u}ller, Stefan},
  OPTissn   = {15351793},
  url       = {http://cslipublications.stanford.edu/HPSG/2011/walker.pdf},
  publisher = {CSLI Publications},
  address   = {Stanford, CA},
  pages     = {227--247},
  year      = {2011},
}

@inproceedings{walker:2011-cr,
  crossref  = {Mueller2011a-ed},
  author    = {Walker, Heike},
  title     = {Adjuncts and the HPSG Binding Theory},
  url       = {http://cslipublications.stanford.edu/HPSG/2011/walker.pdf},
  pages     = {227--247},
}

@proceedings{Mueller2011a-ed,
  editor    = {M{\"u}ller, Stefan},
  title     = {{Proceedings of the 18th International Conference on Head-Driven Phrase Structure Grammar, University of Washington}},
  booktitle = {{Proceedings of the 18th International Conference on Head-Driven Phrase Structure Grammar, University of Washington}},
  publisher = {CSLI Publications},
  address   = {Stanford, CA},
  OPTissn   = {15351793},
  url       = {http://cslipublications.stanford.edu/HPSG/2011/},
  year      = {2011},
}

