@inproceedings{wetta:2011,
  author    = {Wetta, Andrew C.},
  title     = {A Construction-based Cross-linguistic Analysis of V2 Word Order},
  booktitle = {{Proceedings of the 18th International Conference on Head-Driven Phrase Structure Grammar, University of Washington}},
  editor    = {M{\"u}ller, Stefan},
  OPTissn   = {15351793},
  url       = {http://cslipublications.stanford.edu/HPSG/2011/wetta.pdf},
  publisher = {CSLI Publications},
  address   = {Stanford, CA},
  pages     = {248--268},
  year      = {2011},
}

@inproceedings{wetta:2011-cr,
  crossref  = {Mueller2011a-ed},
  author    = {Wetta, Andrew C.},
  title     = {A Construction-based Cross-linguistic Analysis of V2 Word Order},
  url       = {http://cslipublications.stanford.edu/HPSG/2011/wetta.pdf},
  pages     = {248--268},
}

@proceedings{Mueller2011a-ed,
  editor    = {M{\"u}ller, Stefan},
  title     = {{Proceedings of the 18th International Conference on Head-Driven Phrase Structure Grammar, University of Washington}},
  booktitle = {{Proceedings of the 18th International Conference on Head-Driven Phrase Structure Grammar, University of Washington}},
  publisher = {CSLI Publications},
  address   = {Stanford, CA},
  OPTissn   = {15351793},
  url       = {http://cslipublications.stanford.edu/HPSG/2011/},
  year      = {2011},
}

