@inproceedings{aguila-multner-crysmann-2:2021,
  author    = {Aguila-Multner, Gabriel and Crysmann, Berthold},
  title     = {An inside-out approach to
French causatives},
  booktitle = {{Proceedings of the 28th International Conference on Head-Driven Phrase Structure Grammar, Online (Frankfurt)}},
  editor    = {M{\"u}ller, Stefan and Melnik, Nurit},
  OPTissn   = {15351793},
  url       = {http://cslipublications.stanford.edu/HPSG/2021/hpsg2021-aguila-multner-crysmann-2.pdf},
  publisher = {CSLI Publications},
  address   = {Stanford, CA},
  pages     = {5--5},
  year      = {2021},
}

@inproceedings{aguila-multner-crysmann-2:2021-cr,
  crossref  = {HPSG2021},
  author    = {Aguila-Multner, Gabriel and Crysmann, Berthold},
  title     = {An inside-out approach to
French causatives},
  url       = {http://cslipublications.stanford.edu/HPSG/2021/hpsg2021-aguila-multner-crysmann-2.pdf},
  pages     = {5--5},
}

@proceedings{HPSG2021,
  editor    = {M{\"u}ller, Stefan and Melnik, Nurit},
  title     = {{Proceedings of the 28th International Conference on Head-Driven Phrase Structure Grammar, Online (Frankfurt)}},
  booktitle = {{Proceedings of the 28th International Conference on Head-Driven Phrase Structure Grammar, Online (Frankfurt)}},
  publisher = {CSLI Publications},
  address   = {Stanford, CA},
  OPTissn   = {15351793},
  url       = {http://cslipublications.stanford.edu/HPSG/2021/},
  year      = {2021},
}

