@proceedings{HPSG2021,
  editor    = {M{\"u}ller, Stefan and Melnik, Nurit},
  title     = {{Proceedings of the 28th International Conference on Head-Driven Phrase Structure Grammar, Online (Frankfurt)}},
  booktitle = {{Proceedings of the 28th International Conference on Head-Driven Phrase Structure Grammar, Online (Frankfurt)}},
  url       = {http://cslipublications.stanford.edu/HPSG/2021/},
  publisher = {CSLI Publications},
  address   = {Stanford, CA},
  OPTissn   = {15351793},
  year      = {2021},
}

@inproceedings{aguila-multner-crysmann:2021,
  author    = {Aguila-Multner, Gabriel and Crysmann, Berthold},
  title     = {An inside-out approach to
French causatives},
  booktitle = {{Proceedings of the 28th International Conference on Head-Driven Phrase Structure Grammar, Online (Frankfurt)}},
  editor    = {M{\"u}ller, Stefan and Melnik, Nurit},
  OPTissn   = {15351793},
  url       = {http://cslipublications.stanford.edu/HPSG/2021/hpsg2021-aguila-multner-crysmann.pdf},
  publisher = {CSLI Publications},
  address   = {Stanford, CA},
  pages     = {5--25},
  year      = {2021},
}

@inproceedings{aguila-multner-crysmann:2021-cr,
  crossref  = {HPSG2021},
  author    = {Aguila-Multner, Gabriel and Crysmann, Berthold},
  title     = {An inside-out approach to
French causatives},
  url       = {http://cslipublications.stanford.edu/HPSG/2021/hpsg2021-aguila-multner-crysmann.pdf},
  pages     = {5--25},
}

@inproceedings{sailer-doerner:2021,
  author    = {Sailer, Manfred and D{\"o}rner, Annika},
  title     = {A
Smurf-based Approach to Placeholder Expressions},
  booktitle = {{Proceedings of the 28th International Conference on Head-Driven Phrase Structure Grammar, Online (Frankfurt)}},
  editor    = {M{\"u}ller, Stefan and Melnik, Nurit},
  OPTissn   = {15351793},
  url       = {http://cslipublications.stanford.edu/HPSG/2021/hpsg2021-sailer-doerner.pdf},
  publisher = {CSLI Publications},
  address   = {Stanford, CA},
  pages     = {26--46},
  year      = {2021},
}

@inproceedings{sailer-doerner:2021-cr,
  crossref  = {HPSG2021},
  author    = {Sailer, Manfred and D{\"o}rner, Annika},
  title     = {A
Smurf-based Approach to Placeholder Expressions},
  url       = {http://cslipublications.stanford.edu/HPSG/2021/hpsg2021-sailer-doerner.pdf},
  pages     = {26--46},
}

@inproceedings{lu-mueller:2021,
  author    = {Lu, Yanru and M{\"u}ller, Stefan},
  title     = {Verbal reduplication in Mandarin Chinese: An HPSG account},
  booktitle = {{Proceedings of the 28th International Conference on Head-Driven Phrase Structure Grammar, Online (Frankfurt)}},
  editor    = {M{\"u}ller, Stefan and Melnik, Nurit},
  OPTissn   = {15351793},
  url       = {http://cslipublications.stanford.edu/HPSG/2021/hpsg2021-lu-mueller.pdf},
  publisher = {CSLI Publications},
  address   = {Stanford, CA},
  pages     = {47--67},
  year      = {2021},
}

@inproceedings{lu-mueller:2021-cr,
  crossref  = {HPSG2021},
  author    = {Lu, Yanru and M{\"u}ller, Stefan},
  title     = {Verbal reduplication in Mandarin Chinese: An HPSG account},
  url       = {http://cslipublications.stanford.edu/HPSG/2021/hpsg2021-lu-mueller.pdf},
  pages     = {47--67},
}

