@inproceedings{lu-mueller:2021,
  author    = {Lu, Yanru and M{\"u}ller, Stefan},
  title     = {Verbal reduplication in Mandarin Chinese: An HPSG account},
  booktitle = {{Proceedings of the 28th International Conference on Head-Driven Phrase Structure Grammar, Online (Frankfurt)}},
  editor    = {M{\"u}ller, Stefan and Melnik, Nurit},
  OPTissn   = {15351793},
  url       = {http://cslipublications.stanford.edu/HPSG/2021/hpsg2021-lu-mueller.pdf},
  publisher = {CSLI Publications},
  address   = {Stanford, CA},
  pages     = {47--67},
  year      = {2021},
}

@inproceedings{lu-mueller:2021-cr,
  crossref  = {HPSG2021},
  author    = {Lu, Yanru and M{\"u}ller, Stefan},
  title     = {Verbal reduplication in Mandarin Chinese: An HPSG account},
  url       = {http://cslipublications.stanford.edu/HPSG/2021/hpsg2021-lu-mueller.pdf},
  pages     = {47--67},
}

@proceedings{HPSG2021,
  editor    = {M{\"u}ller, Stefan and Melnik, Nurit},
  title     = {{Proceedings of the 28th International Conference on Head-Driven Phrase Structure Grammar, Online (Frankfurt)}},
  booktitle = {{Proceedings of the 28th International Conference on Head-Driven Phrase Structure Grammar, Online (Frankfurt)}},
  publisher = {CSLI Publications},
  address   = {Stanford, CA},
  OPTissn   = {15351793},
  url       = {http://cslipublications.stanford.edu/HPSG/2021/},
  year      = {2021},
}

