@inproceedings{sailer-doerner:2021,
  author    = {Sailer, Manfred and D{\"o}rner, Annika},
  title     = {A
Smurf-based Approach to Placeholder Expressions},
  booktitle = {{Proceedings of the 28th International Conference on Head-Driven Phrase Structure Grammar, Online (Frankfurt)}},
  editor    = {M{\"u}ller, Stefan and Melnik, Nurit},
  OPTissn   = {15351793},
  url       = {http://cslipublications.stanford.edu/HPSG/2021/hpsg2021-sailer-doerner.pdf},
  publisher = {CSLI Publications},
  address   = {Stanford, CA},
  pages     = {26--46},
  year      = {2021},
}

@inproceedings{sailer-doerner:2021-cr,
  crossref  = {HPSG2021},
  author    = {Sailer, Manfred and D{\"o}rner, Annika},
  title     = {A
Smurf-based Approach to Placeholder Expressions},
  url       = {http://cslipublications.stanford.edu/HPSG/2021/hpsg2021-sailer-doerner.pdf},
  pages     = {26--46},
}

@proceedings{HPSG2021,
  editor    = {M{\"u}ller, Stefan and Melnik, Nurit},
  title     = {{Proceedings of the 28th International Conference on Head-Driven Phrase Structure Grammar, Online (Frankfurt)}},
  booktitle = {{Proceedings of the 28th International Conference on Head-Driven Phrase Structure Grammar, Online (Frankfurt)}},
  publisher = {CSLI Publications},
  address   = {Stanford, CA},
  OPTissn   = {15351793},
  url       = {http://cslipublications.stanford.edu/HPSG/2021/},
  year      = {2021},
}

