@inproceedings{ags:2008,
  author    = {Abeill{\'e}, Anne and Godard,  Dani\`{e}le and Sabio, Fr{\'e}d{\'e}ric},
  title     = {Two types of NP preposing in French},
  booktitle = {{Proceedings of the 15th International Conference on Head-Driven Phrase Structure Grammar, National Institute of Information and Communications Technology, Keihanna}},
  editor    = {M{\"u}ller, Stefan},
  OPTissn   = {15351793},
  url       = {http://cslipublications.stanford.edu/HPSG/2008/ags.pdf},
  publisher = {CSLI Publications},
  address   = {Stanford, CA},
  pages     = {306--324},
  year      = {2008},
}

@inproceedings{ags:2008-cr,
  crossref  = {Mueller2008a-ed},
  author    = {Abeill{\'e}, Anne and Godard,  Dani\`{e}le and Sabio, Fr{\'e}d{\'e}ric},
  title     = {Two types of NP preposing in French},
  url       = {http://cslipublications.stanford.edu/HPSG/2008/ags.pdf},
  pages     = {306--324},
}

@proceedings{Mueller2008a-ed,
  editor    = {M{\"u}ller, Stefan},
  title     = {{Proceedings of the 15th International Conference on Head-Driven Phrase Structure Grammar, National Institute of Information and Communications Technology, Keihanna}},
  booktitle = {{Proceedings of the 15th International Conference on Head-Driven Phrase Structure Grammar, National Institute of Information and Communications Technology, Keihanna}},
  publisher = {CSLI Publications},
  address   = {Stanford, CA},
  OPTissn   = {15351793},
  url       = {http://cslipublications.stanford.edu/HPSG/2008/},
  year      = {2008},
}

