@inproceedings{arnold-borsley:2008,
  author    = {Arnold, Doug and Borsley, Robert D},
  title     = {Non-restrictive Relative Clauses, Ellipsis and Anaphora},
  booktitle = {{Proceedings of the 15th International Conference on Head-Driven Phrase Structure Grammar, National Institute of Information and Communications Technology, Keihanna}},
  editor    = {M{\"u}ller, Stefan},
  OPTissn   = {15351793},
  url       = {http://cslipublications.stanford.edu/HPSG/2008/arnold-borsley.pdf},
  publisher = {CSLI Publications},
  address   = {Stanford, CA},
  pages     = {325--345},
  year      = {2008},
}

@inproceedings{arnold-borsley:2008-cr,
  crossref  = {Mueller2008a-ed},
  author    = {Arnold, Doug and Borsley, Robert D},
  title     = {Non-restrictive Relative Clauses, Ellipsis and Anaphora},
  url       = {http://cslipublications.stanford.edu/HPSG/2008/arnold-borsley.pdf},
  pages     = {325--345},
}

@proceedings{Mueller2008a-ed,
  editor    = {M{\"u}ller, Stefan},
  title     = {{Proceedings of the 15th International Conference on Head-Driven Phrase Structure Grammar, National Institute of Information and Communications Technology, Keihanna}},
  booktitle = {{Proceedings of the 15th International Conference on Head-Driven Phrase Structure Grammar, National Institute of Information and Communications Technology, Keihanna}},
  publisher = {CSLI Publications},
  address   = {Stanford, CA},
  OPTissn   = {15351793},
  url       = {http://cslipublications.stanford.edu/HPSG/2008/},
  year      = {2008},
}

