@inproceedings{bender:2008,
  author    = {Bender, Emily M.},
  title     = {Radical Non-Configurationality without Shuffle Operators: An Analysis of Wambaya},
  booktitle = {{Proceedings of the 15th International Conference on Head-Driven Phrase Structure Grammar, National Institute of Information and Communications Technology, Keihanna}},
  editor    = {M{\"u}ller, Stefan},
  OPTissn   = {15351793},
  url       = {http://cslipublications.stanford.edu/HPSG/2008/bender.pdf},
  publisher = {CSLI Publications},
  address   = {Stanford, CA},
  pages     = {6--24},
  year      = {2008},
}

@inproceedings{bender:2008-cr,
  crossref  = {Mueller2008a-ed},
  author    = {Bender, Emily M.},
  title     = {Radical Non-Configurationality without Shuffle Operators: An Analysis of Wambaya},
  url       = {http://cslipublications.stanford.edu/HPSG/2008/bender.pdf},
  pages     = {6--24},
}

@proceedings{Mueller2008a-ed,
  editor    = {M{\"u}ller, Stefan},
  title     = {{Proceedings of the 15th International Conference on Head-Driven Phrase Structure Grammar, National Institute of Information and Communications Technology, Keihanna}},
  booktitle = {{Proceedings of the 15th International Conference on Head-Driven Phrase Structure Grammar, National Institute of Information and Communications Technology, Keihanna}},
  publisher = {CSLI Publications},
  address   = {Stanford, CA},
  OPTissn   = {15351793},
  url       = {http://cslipublications.stanford.edu/HPSG/2008/},
  year      = {2008},
}

