@inproceedings{bilbiie:2008,
  author    = {Bîlbîie, Gabriela},
  title     = {A Syntactic Account of Romanian Correlative Coordination from a Romance Perspective},
  booktitle = {{Proceedings of the 15th International Conference on Head-Driven Phrase Structure Grammar, National Institute of Information and Communications Technology, Keihanna}},
  editor    = {M{\"u}ller, Stefan},
  OPTissn   = {15351793},
  url       = {http://cslipublications.stanford.edu/HPSG/2008/bilbiie.pdf},
  publisher = {CSLI Publications},
  address   = {Stanford, CA},
  pages     = {25--45},
  year      = {2008},
}

@inproceedings{bilbiie:2008-cr,
  crossref  = {Mueller2008a-ed},
  author    = {Bîlbîie, Gabriela},
  title     = {A Syntactic Account of Romanian Correlative Coordination from a Romance Perspective},
  url       = {http://cslipublications.stanford.edu/HPSG/2008/bilbiie.pdf},
  pages     = {25--45},
}

@proceedings{Mueller2008a-ed,
  editor    = {M{\"u}ller, Stefan},
  title     = {{Proceedings of the 15th International Conference on Head-Driven Phrase Structure Grammar, National Institute of Information and Communications Technology, Keihanna}},
  booktitle = {{Proceedings of the 15th International Conference on Head-Driven Phrase Structure Grammar, National Institute of Information and Communications Technology, Keihanna}},
  publisher = {CSLI Publications},
  address   = {Stanford, CA},
  OPTissn   = {15351793},
  url       = {http://cslipublications.stanford.edu/HPSG/2008/},
  year      = {2008},
}

