@inproceedings{bildhauer:2008,
  author    = {Bildhauer, Felix},
  title     = {Clitic left dislocation and focus projection in Spanish},
  booktitle = {{Proceedings of the 15th International Conference on Head-Driven Phrase Structure Grammar, National Institute of Information and Communications Technology, Keihanna}},
  editor    = {M{\"u}ller, Stefan},
  OPTissn   = {15351793},
  url       = {http://cslipublications.stanford.edu/HPSG/2008/bildhauer.pdf},
  publisher = {CSLI Publications},
  address   = {Stanford, CA},
  pages     = {346--357},
  year      = {2008},
}

@inproceedings{bildhauer:2008-cr,
  crossref  = {Mueller2008a-ed},
  author    = {Bildhauer, Felix},
  title     = {Clitic left dislocation and focus projection in Spanish},
  url       = {http://cslipublications.stanford.edu/HPSG/2008/bildhauer.pdf},
  pages     = {346--357},
}

@proceedings{Mueller2008a-ed,
  editor    = {M{\"u}ller, Stefan},
  title     = {{Proceedings of the 15th International Conference on Head-Driven Phrase Structure Grammar, National Institute of Information and Communications Technology, Keihanna}},
  booktitle = {{Proceedings of the 15th International Conference on Head-Driven Phrase Structure Grammar, National Institute of Information and Communications Technology, Keihanna}},
  publisher = {CSLI Publications},
  address   = {Stanford, CA},
  OPTissn   = {15351793},
  url       = {http://cslipublications.stanford.edu/HPSG/2008/},
  year      = {2008},
}

