@inproceedings{bjerre-bjerre:2008,
  author    = {Bjerre, Anne and Bjerre, Tavs},
  title     = {\emph{There}-constructions with transitive verbs},
  booktitle = {{Proceedings of the 15th International Conference on Head-Driven Phrase Structure Grammar, National Institute of Information and Communications Technology, Keihanna}},
  editor    = {M{\"u}ller, Stefan},
  OPTissn   = {15351793},
  url       = {http://cslipublications.stanford.edu/HPSG/2008/bjerre-bjerre.pdf},
  publisher = {CSLI Publications},
  address   = {Stanford, CA},
  pages     = {46--66},
  year      = {2008},
}

@inproceedings{bjerre-bjerre:2008-cr,
  crossref  = {Mueller2008a-ed},
  author    = {Bjerre, Anne and Bjerre, Tavs},
  title     = {\emph{There}-constructions with transitive verbs},
  url       = {http://cslipublications.stanford.edu/HPSG/2008/bjerre-bjerre.pdf},
  pages     = {46--66},
}

@proceedings{Mueller2008a-ed,
  editor    = {M{\"u}ller, Stefan},
  title     = {{Proceedings of the 15th International Conference on Head-Driven Phrase Structure Grammar, National Institute of Information and Communications Technology, Keihanna}},
  booktitle = {{Proceedings of the 15th International Conference on Head-Driven Phrase Structure Grammar, National Institute of Information and Communications Technology, Keihanna}},
  publisher = {CSLI Publications},
  address   = {Stanford, CA},
  OPTissn   = {15351793},
  url       = {http://cslipublications.stanford.edu/HPSG/2008/},
  year      = {2008},
}

