@inproceedings{bonami-godard:2008,
  author    = {Bonami, Olivier and Godard, Dani\`{e}le},
  title     = {On the syntax of direct quotation in French},
  booktitle = {{Proceedings of the 15th International Conference on Head-Driven Phrase Structure Grammar, National Institute of Information and Communications Technology, Keihanna}},
  editor    = {M{\"u}ller, Stefan},
  OPTissn   = {15351793},
  url       = {http://cslipublications.stanford.edu/HPSG/2008/bonami-godard.pdf},
  publisher = {CSLI Publications},
  address   = {Stanford, CA},
  pages     = {358--377},
  year      = {2008},
}

@inproceedings{bonami-godard:2008-cr,
  crossref  = {Mueller2008a-ed},
  author    = {Bonami, Olivier and Godard, Dani\`{e}le},
  title     = {On the syntax of direct quotation in French},
  url       = {http://cslipublications.stanford.edu/HPSG/2008/bonami-godard.pdf},
  pages     = {358--377},
}

@proceedings{Mueller2008a-ed,
  editor    = {M{\"u}ller, Stefan},
  title     = {{Proceedings of the 15th International Conference on Head-Driven Phrase Structure Grammar, National Institute of Information and Communications Technology, Keihanna}},
  booktitle = {{Proceedings of the 15th International Conference on Head-Driven Phrase Structure Grammar, National Institute of Information and Communications Technology, Keihanna}},
  publisher = {CSLI Publications},
  address   = {Stanford, CA},
  OPTissn   = {15351793},
  url       = {http://cslipublications.stanford.edu/HPSG/2008/},
  year      = {2008},
}

