@inproceedings{bîlbîie:2008,
  author    = {Bîlbîie, Gabriela},
  title     = {A Syntactic Account of Romanian Correlative Coordination from a Romance Perspective},
  booktitle = {Proceedings of the 15th International Conference on Head-Driven Phrase Structure Grammar, National Institute of Information and Communications Technology, Keihanna},
  editor    = {Stefan M\"{u}ller},
  OPTissn   = {15351793},
  url       = {http://cslipublications.stanford.edu/HPSG/2008/bîlbîie.pdf},
  publisher = {CSLI Publications},
  address   = {Stanford, CA},
  pages     = {25--25},
  year      = {2008},
}

@inproceedings{bîlbîie:2008-cr,
  crossref  = {Mueller2008a-ed},
  author    = {Bîlbîie, Gabriela},
  title     = {A Syntactic Account of Romanian Correlative Coordination from a Romance Perspective},
  url       = {http://cslipublications.stanford.edu/HPSG/2008/bîlbîie.pdf},
  pages     = {25--25},
}

@proceedings{Mueller2008a-ed,
  editor    = {Stefan M\"{u}ller},
  title     = {Proceedings of the 15th International Conference on Head-Driven Phrase Structure Grammar, National Institute of Information and Communications Technology, Keihanna},
  booktitle = {Proceedings of the 15th International Conference on Head-Driven Phrase Structure Grammar, National Institute of Information and Communications Technology, Keihanna},
  publisher = {CSLI Publications},
  address   = {Stanford, CA},
  OPTissn   = {15351793},
  url       = {http://cslipublications.stanford.edu/HPSG/2008/},
  year      = {2008},
}

