@inproceedings{drellishak:2008,
  author    = {Drellishak, Scott},
  title     = {Complex Case Phenomena in the Grammar Matrix},
  booktitle = {{Proceedings of the 15th International Conference on Head-Driven Phrase Structure Grammar, National Institute of Information and Communications Technology, Keihanna}},
  editor    = {M{\"u}ller, Stefan},
  OPTissn   = {15351793},
  url       = {http://cslipublications.stanford.edu/HPSG/2008/drellishak.pdf},
  publisher = {CSLI Publications},
  address   = {Stanford, CA},
  pages     = {67--86},
  year      = {2008},
}

@inproceedings{drellishak:2008-cr,
  crossref  = {Mueller2008a-ed},
  author    = {Drellishak, Scott},
  title     = {Complex Case Phenomena in the Grammar Matrix},
  url       = {http://cslipublications.stanford.edu/HPSG/2008/drellishak.pdf},
  pages     = {67--86},
}

@proceedings{Mueller2008a-ed,
  editor    = {M{\"u}ller, Stefan},
  title     = {{Proceedings of the 15th International Conference on Head-Driven Phrase Structure Grammar, National Institute of Information and Communications Technology, Keihanna}},
  booktitle = {{Proceedings of the 15th International Conference on Head-Driven Phrase Structure Grammar, National Institute of Information and Communications Technology, Keihanna}},
  publisher = {CSLI Publications},
  address   = {Stanford, CA},
  OPTissn   = {15351793},
  url       = {http://cslipublications.stanford.edu/HPSG/2008/},
  year      = {2008},
}

