@inproceedings{flickinger:2008,
  author    = {Flickinger, Dan},
  title     = {Transparent Heads},
  booktitle = {{Proceedings of the 15th International Conference on Head-Driven Phrase Structure Grammar, National Institute of Information and Communications Technology, Keihanna}},
  editor    = {M{\"u}ller, Stefan},
  OPTissn   = {15351793},
  url       = {http://cslipublications.stanford.edu/HPSG/2008/flickinger.pdf},
  publisher = {CSLI Publications},
  address   = {Stanford, CA},
  pages     = {87--94},
  year      = {2008},
}

@inproceedings{flickinger:2008-cr,
  crossref  = {Mueller2008a-ed},
  author    = {Flickinger, Dan},
  title     = {Transparent Heads},
  url       = {http://cslipublications.stanford.edu/HPSG/2008/flickinger.pdf},
  pages     = {87--94},
}

@proceedings{Mueller2008a-ed,
  editor    = {M{\"u}ller, Stefan},
  title     = {{Proceedings of the 15th International Conference on Head-Driven Phrase Structure Grammar, National Institute of Information and Communications Technology, Keihanna}},
  booktitle = {{Proceedings of the 15th International Conference on Head-Driven Phrase Structure Grammar, National Institute of Information and Communications Technology, Keihanna}},
  publisher = {CSLI Publications},
  address   = {Stanford, CA},
  OPTissn   = {15351793},
  url       = {http://cslipublications.stanford.edu/HPSG/2008/},
  year      = {2008},
}

