@inproceedings{henri-abeille:2008,
  author    = {Henri, Fabiola and Abeill{\'e}, Anne},
  title     = {Verb Form Alternations in Mauritian},
  booktitle = {{Proceedings of the 15th International Conference on Head-Driven Phrase Structure Grammar, National Institute of Information and Communications Technology, Keihanna}},
  editor    = {M{\"u}ller, Stefan},
  OPTissn   = {15351793},
  url       = {http://cslipublications.stanford.edu/HPSG/2008/henri-abeille.pdf},
  publisher = {CSLI Publications},
  address   = {Stanford, CA},
  pages     = {378--398},
  year      = {2008},
}

@inproceedings{henri-abeille:2008-cr,
  crossref  = {Mueller2008a-ed},
  author    = {Henri, Fabiola and Abeill{\'e}, Anne},
  title     = {Verb Form Alternations in Mauritian},
  url       = {http://cslipublications.stanford.edu/HPSG/2008/henri-abeille.pdf},
  pages     = {378--398},
}

@proceedings{Mueller2008a-ed,
  editor    = {M{\"u}ller, Stefan},
  title     = {{Proceedings of the 15th International Conference on Head-Driven Phrase Structure Grammar, National Institute of Information and Communications Technology, Keihanna}},
  booktitle = {{Proceedings of the 15th International Conference on Head-Driven Phrase Structure Grammar, National Institute of Information and Communications Technology, Keihanna}},
  publisher = {CSLI Publications},
  address   = {Stanford, CA},
  OPTissn   = {15351793},
  url       = {http://cslipublications.stanford.edu/HPSG/2008/},
  year      = {2008},
}

