@proceedings{Mueller2008a-ed,
  editor    = {M{\"u}ller, Stefan},
  title     = {{Proceedings of the 15th International Conference on Head-Driven Phrase Structure Grammar, National Institute of Information and Communications Technology, Keihanna}},
  booktitle = {{Proceedings of the 15th International Conference on Head-Driven Phrase Structure Grammar, National Institute of Information and Communications Technology, Keihanna}},
  url       = {http://cslipublications.stanford.edu/HPSG/2008/},
  publisher = {CSLI Publications},
  address   = {Stanford, CA},
  OPTissn   = {15351793},
  year      = {2008},
}

@inproceedings{bender:2008,
  author    = {Bender, Emily M.},
  title     = {Radical Non-Configurationality without Shuffle Operators: An Analysis of Wambaya},
  booktitle = {{Proceedings of the 15th International Conference on Head-Driven Phrase Structure Grammar, National Institute of Information and Communications Technology, Keihanna}},
  editor    = {M{\"u}ller, Stefan},
  OPTissn   = {15351793},
  url       = {http://cslipublications.stanford.edu/HPSG/2008/bender.pdf},
  publisher = {CSLI Publications},
  address   = {Stanford, CA},
  pages     = {6--24},
  year      = {2008},
}

@inproceedings{bender:2008-cr,
  crossref  = {Mueller2008a-ed},
  author    = {Bender, Emily M.},
  title     = {Radical Non-Configurationality without Shuffle Operators: An Analysis of Wambaya},
  url       = {http://cslipublications.stanford.edu/HPSG/2008/bender.pdf},
  pages     = {6--24},
}

@inproceedings{bilbiie:2008,
  author    = {Bîlbîie, Gabriela},
  title     = {A Syntactic Account of Romanian Correlative Coordination from a Romance Perspective},
  booktitle = {{Proceedings of the 15th International Conference on Head-Driven Phrase Structure Grammar, National Institute of Information and Communications Technology, Keihanna}},
  editor    = {M{\"u}ller, Stefan},
  OPTissn   = {15351793},
  url       = {http://cslipublications.stanford.edu/HPSG/2008/bilbiie.pdf},
  publisher = {CSLI Publications},
  address   = {Stanford, CA},
  pages     = {25--45},
  year      = {2008},
}

@inproceedings{bilbiie:2008-cr,
  crossref  = {Mueller2008a-ed},
  author    = {Bîlbîie, Gabriela},
  title     = {A Syntactic Account of Romanian Correlative Coordination from a Romance Perspective},
  url       = {http://cslipublications.stanford.edu/HPSG/2008/bilbiie.pdf},
  pages     = {25--45},
}

@inproceedings{bjerre-bjerre:2008,
  author    = {Bjerre, Anne and Bjerre, Tavs},
  title     = {\emph{There}-constructions with transitive verbs},
  booktitle = {{Proceedings of the 15th International Conference on Head-Driven Phrase Structure Grammar, National Institute of Information and Communications Technology, Keihanna}},
  editor    = {M{\"u}ller, Stefan},
  OPTissn   = {15351793},
  url       = {http://cslipublications.stanford.edu/HPSG/2008/bjerre-bjerre.pdf},
  publisher = {CSLI Publications},
  address   = {Stanford, CA},
  pages     = {46--66},
  year      = {2008},
}

@inproceedings{bjerre-bjerre:2008-cr,
  crossref  = {Mueller2008a-ed},
  author    = {Bjerre, Anne and Bjerre, Tavs},
  title     = {\emph{There}-constructions with transitive verbs},
  url       = {http://cslipublications.stanford.edu/HPSG/2008/bjerre-bjerre.pdf},
  pages     = {46--66},
}

@inproceedings{drellishak:2008,
  author    = {Drellishak, Scott},
  title     = {Complex Case Phenomena in the Grammar Matrix},
  booktitle = {{Proceedings of the 15th International Conference on Head-Driven Phrase Structure Grammar, National Institute of Information and Communications Technology, Keihanna}},
  editor    = {M{\"u}ller, Stefan},
  OPTissn   = {15351793},
  url       = {http://cslipublications.stanford.edu/HPSG/2008/drellishak.pdf},
  publisher = {CSLI Publications},
  address   = {Stanford, CA},
  pages     = {67--86},
  year      = {2008},
}

@inproceedings{drellishak:2008-cr,
  crossref  = {Mueller2008a-ed},
  author    = {Drellishak, Scott},
  title     = {Complex Case Phenomena in the Grammar Matrix},
  url       = {http://cslipublications.stanford.edu/HPSG/2008/drellishak.pdf},
  pages     = {67--86},
}

@inproceedings{flickinger:2008,
  author    = {Flickinger, Dan},
  title     = {Transparent Heads},
  booktitle = {{Proceedings of the 15th International Conference on Head-Driven Phrase Structure Grammar, National Institute of Information and Communications Technology, Keihanna}},
  editor    = {M{\"u}ller, Stefan},
  OPTissn   = {15351793},
  url       = {http://cslipublications.stanford.edu/HPSG/2008/flickinger.pdf},
  publisher = {CSLI Publications},
  address   = {Stanford, CA},
  pages     = {87--94},
  year      = {2008},
}

@inproceedings{flickinger:2008-cr,
  crossref  = {Mueller2008a-ed},
  author    = {Flickinger, Dan},
  title     = {Transparent Heads},
  url       = {http://cslipublications.stanford.edu/HPSG/2008/flickinger.pdf},
  pages     = {87--94},
}

@inproceedings{ito-chaves:2008,
  author    = {Ito, Chizuru and Chaves, Rui P.},
  title     = {Apparent Non-Constituent Coordination in Japanese},
  booktitle = {{Proceedings of the 15th International Conference on Head-Driven Phrase Structure Grammar, National Institute of Information and Communications Technology, Keihanna}},
  editor    = {M{\"u}ller, Stefan},
  OPTissn   = {15351793},
  url       = {http://cslipublications.stanford.edu/HPSG/2008/ito-chaves.pdf},
  publisher = {CSLI Publications},
  address   = {Stanford, CA},
  pages     = {95--115},
  year      = {2008},
}

@inproceedings{ito-chaves:2008-cr,
  crossref  = {Mueller2008a-ed},
  author    = {Ito, Chizuru and Chaves, Rui P.},
  title     = {Apparent Non-Constituent Coordination in Japanese},
  url       = {http://cslipublications.stanford.edu/HPSG/2008/ito-chaves.pdf},
  pages     = {95--115},
}

@inproceedings{kiss:2008,
  author    = {Kiss, Tibor},
  title     = {Towards a Grammar of Preposition-Noun Combinations},
  booktitle = {{Proceedings of the 15th International Conference on Head-Driven Phrase Structure Grammar, National Institute of Information and Communications Technology, Keihanna}},
  editor    = {M{\"u}ller, Stefan},
  OPTissn   = {15351793},
  url       = {http://cslipublications.stanford.edu/HPSG/2008/kiss.pdf},
  publisher = {CSLI Publications},
  address   = {Stanford, CA},
  pages     = {116--130},
  year      = {2008},
}

@inproceedings{kiss:2008-cr,
  crossref  = {Mueller2008a-ed},
  author    = {Kiss, Tibor},
  title     = {Towards a Grammar of Preposition-Noun Combinations},
  url       = {http://cslipublications.stanford.edu/HPSG/2008/kiss.pdf},
  pages     = {116--130},
}

@inproceedings{ko:2008,
  author    = {Ko, Kil Soo},
  title     = {Korean Postpositions as Weak Syntactic Heads},
  booktitle = {{Proceedings of the 15th International Conference on Head-Driven Phrase Structure Grammar, National Institute of Information and Communications Technology, Keihanna}},
  editor    = {M{\"u}ller, Stefan},
  OPTissn   = {15351793},
  url       = {http://cslipublications.stanford.edu/HPSG/2008/ko.pdf},
  publisher = {CSLI Publications},
  address   = {Stanford, CA},
  pages     = {131--151},
  year      = {2008},
}

@inproceedings{ko:2008-cr,
  crossref  = {Mueller2008a-ed},
  author    = {Ko, Kil Soo},
  title     = {Korean Postpositions as Weak Syntactic Heads},
  url       = {http://cslipublications.stanford.edu/HPSG/2008/ko.pdf},
  pages     = {131--151},
}

@inproceedings{laurens:2008,
  author    = {Laurens, Fr{\'e}d{\'e}ric},
  title     = {French Predicative Verbless Utterances},
  booktitle = {{Proceedings of the 15th International Conference on Head-Driven Phrase Structure Grammar, National Institute of Information and Communications Technology, Keihanna}},
  editor    = {M{\"u}ller, Stefan},
  OPTissn   = {15351793},
  url       = {http://cslipublications.stanford.edu/HPSG/2008/laurens.pdf},
  publisher = {CSLI Publications},
  address   = {Stanford, CA},
  pages     = {152--172},
  year      = {2008},
}

@inproceedings{laurens:2008-cr,
  crossref  = {Mueller2008a-ed},
  author    = {Laurens, Fr{\'e}d{\'e}ric},
  title     = {French Predicative Verbless Utterances},
  url       = {http://cslipublications.stanford.edu/HPSG/2008/laurens.pdf},
  pages     = {152--172},
}

@inproceedings{sato-tam:2008,
  author    = {Sato, Yo and Tam, Wai Lok},
  title     = {Towards a Unified Account of Adjuncts},
  booktitle = {{Proceedings of the 15th International Conference on Head-Driven Phrase Structure Grammar, National Institute of Information and Communications Technology, Keihanna}},
  editor    = {M{\"u}ller, Stefan},
  OPTissn   = {15351793},
  url       = {http://cslipublications.stanford.edu/HPSG/2008/sato-tam.pdf},
  publisher = {CSLI Publications},
  address   = {Stanford, CA},
  pages     = {173--188},
  year      = {2008},
}

@inproceedings{sato-tam:2008-cr,
  crossref  = {Mueller2008a-ed},
  author    = {Sato, Yo and Tam, Wai Lok},
  title     = {Towards a Unified Account of Adjuncts},
  url       = {http://cslipublications.stanford.edu/HPSG/2008/sato-tam.pdf},
  pages     = {173--188},
}

@inproceedings{steinicke-penn:2008,
  author    = {Steinicke, Karen and Penn, Gerald},
  title     = {Memory Management for Unification-based Processing of Typed Feature Structures},
  booktitle = {{Proceedings of the 15th International Conference on Head-Driven Phrase Structure Grammar, National Institute of Information and Communications Technology, Keihanna}},
  editor    = {M{\"u}ller, Stefan},
  OPTissn   = {15351793},
  url       = {http://cslipublications.stanford.edu/HPSG/2008/steinicke-penn.pdf},
  publisher = {CSLI Publications},
  address   = {Stanford, CA},
  pages     = {189--203},
  year      = {2008},
}

@inproceedings{steinicke-penn:2008-cr,
  crossref  = {Mueller2008a-ed},
  author    = {Steinicke, Karen and Penn, Gerald},
  title     = {Memory Management for Unification-based Processing of Typed Feature Structures},
  url       = {http://cslipublications.stanford.edu/HPSG/2008/steinicke-penn.pdf},
  pages     = {189--203},
}

@inproceedings{song-choe:2008,
  author    = {Song, Sanghoun and Choe, Jae-Woong},
  title     = {Automatic Construction of Korean Verbal Type Hierarchy using Treebank},
  booktitle = {{Proceedings of the 15th International Conference on Head-Driven Phrase Structure Grammar, National Institute of Information and Communications Technology, Keihanna}},
  editor    = {M{\"u}ller, Stefan},
  OPTissn   = {15351793},
  url       = {http://cslipublications.stanford.edu/HPSG/2008/song-choe.pdf},
  publisher = {CSLI Publications},
  address   = {Stanford, CA},
  pages     = {204--221},
  year      = {2008},
}

@inproceedings{song-choe:2008-cr,
  crossref  = {Mueller2008a-ed},
  author    = {Song, Sanghoun and Choe, Jae-Woong},
  title     = {Automatic Construction of Korean Verbal Type Hierarchy using Treebank},
  url       = {http://cslipublications.stanford.edu/HPSG/2008/song-choe.pdf},
  pages     = {204--221},
}

@inproceedings{tam-sato:2008,
  author    = {Tam, Wai Lok and Sato, Yo},
  title     = {An Analysis of Pseudopartitives and Measure Phrases that Say
No to Extra Rules},
  booktitle = {{Proceedings of the 15th International Conference on Head-Driven Phrase Structure Grammar, National Institute of Information and Communications Technology, Keihanna}},
  editor    = {M{\"u}ller, Stefan},
  OPTissn   = {15351793},
  url       = {http://cslipublications.stanford.edu/HPSG/2008/tam-sato.pdf},
  publisher = {CSLI Publications},
  address   = {Stanford, CA},
  pages     = {222--233},
  year      = {2008},
}

@inproceedings{tam-sato:2008-cr,
  crossref  = {Mueller2008a-ed},
  author    = {Tam, Wai Lok and Sato, Yo},
  title     = {An Analysis of Pseudopartitives and Measure Phrases that Say
No to Extra Rules},
  url       = {http://cslipublications.stanford.edu/HPSG/2008/tam-sato.pdf},
  pages     = {222--233},
}

@inproceedings{tseng:2008,
  author    = {Tseng, Jesse},
  title     = {The representation of syllable structure in HPSG},
  booktitle = {{Proceedings of the 15th International Conference on Head-Driven Phrase Structure Grammar, National Institute of Information and Communications Technology, Keihanna}},
  editor    = {M{\"u}ller, Stefan},
  OPTissn   = {15351793},
  url       = {http://cslipublications.stanford.edu/HPSG/2008/tseng.pdf},
  publisher = {CSLI Publications},
  address   = {Stanford, CA},
  pages     = {234--252},
  year      = {2008},
}

@inproceedings{tseng:2008-cr,
  crossref  = {Mueller2008a-ed},
  author    = {Tseng, Jesse},
  title     = {The representation of syllable structure in HPSG},
  url       = {http://cslipublications.stanford.edu/HPSG/2008/tseng.pdf},
  pages     = {234--252},
}

@inproceedings{vaneynde:2008,
  author    = {Van Eynde, Frank},
  title     = {Predicate Complements},
  booktitle = {{Proceedings of the 15th International Conference on Head-Driven Phrase Structure Grammar, National Institute of Information and Communications Technology, Keihanna}},
  editor    = {M{\"u}ller, Stefan},
  OPTissn   = {15351793},
  url       = {http://cslipublications.stanford.edu/HPSG/2008/vaneynde.pdf},
  publisher = {CSLI Publications},
  address   = {Stanford, CA},
  pages     = {253--273},
  year      = {2008},
}

@inproceedings{vaneynde:2008-cr,
  crossref  = {Mueller2008a-ed},
  author    = {Van Eynde, Frank},
  title     = {Predicate Complements},
  url       = {http://cslipublications.stanford.edu/HPSG/2008/vaneynde.pdf},
  pages     = {253--273},
}

@inproceedings{wechsler:2008,
  author    = {Wechsler, Stephen},
  title     = {Dualist Syntax},
  booktitle = {{Proceedings of the 15th International Conference on Head-Driven Phrase Structure Grammar, National Institute of Information and Communications Technology, Keihanna}},
  editor    = {M{\"u}ller, Stefan},
  OPTissn   = {15351793},
  url       = {http://cslipublications.stanford.edu/HPSG/2008/wechsler.pdf},
  publisher = {CSLI Publications},
  address   = {Stanford, CA},
  pages     = {274--293},
  year      = {2008},
}

@inproceedings{wechsler:2008-cr,
  crossref  = {Mueller2008a-ed},
  author    = {Wechsler, Stephen},
  title     = {Dualist Syntax},
  url       = {http://cslipublications.stanford.edu/HPSG/2008/wechsler.pdf},
  pages     = {274--293},
}

@inproceedings{yoo:2008,
  author    = {Yoo, Eun-Jung},
  title     = {Transparent Free Relatives in English},
  booktitle = {{Proceedings of the 15th International Conference on Head-Driven Phrase Structure Grammar, National Institute of Information and Communications Technology, Keihanna}},
  editor    = {M{\"u}ller, Stefan},
  OPTissn   = {15351793},
  url       = {http://cslipublications.stanford.edu/HPSG/2008/yoo.pdf},
  publisher = {CSLI Publications},
  address   = {Stanford, CA},
  pages     = {294--304},
  year      = {2008},
}

@inproceedings{yoo:2008-cr,
  crossref  = {Mueller2008a-ed},
  author    = {Yoo, Eun-Jung},
  title     = {Transparent Free Relatives in English},
  url       = {http://cslipublications.stanford.edu/HPSG/2008/yoo.pdf},
  pages     = {294--304},
}

@inproceedings{ags:2008,
  author    = {Abeill{\'e}, Anne and Godard,  Dani\`{e}le and Sabio, Fr{\'e}d{\'e}ric},
  title     = {Two types of NP preposing in French},
  booktitle = {{Proceedings of the 15th International Conference on Head-Driven Phrase Structure Grammar, National Institute of Information and Communications Technology, Keihanna}},
  editor    = {M{\"u}ller, Stefan},
  OPTissn   = {15351793},
  url       = {http://cslipublications.stanford.edu/HPSG/2008/ags.pdf},
  publisher = {CSLI Publications},
  address   = {Stanford, CA},
  pages     = {306--324},
  year      = {2008},
}

@inproceedings{ags:2008-cr,
  crossref  = {Mueller2008a-ed},
  author    = {Abeill{\'e}, Anne and Godard,  Dani\`{e}le and Sabio, Fr{\'e}d{\'e}ric},
  title     = {Two types of NP preposing in French},
  url       = {http://cslipublications.stanford.edu/HPSG/2008/ags.pdf},
  pages     = {306--324},
}

@inproceedings{arnold-borsley:2008,
  author    = {Arnold, Doug and Borsley, Robert D},
  title     = {Non-restrictive Relative Clauses, Ellipsis and Anaphora},
  booktitle = {{Proceedings of the 15th International Conference on Head-Driven Phrase Structure Grammar, National Institute of Information and Communications Technology, Keihanna}},
  editor    = {M{\"u}ller, Stefan},
  OPTissn   = {15351793},
  url       = {http://cslipublications.stanford.edu/HPSG/2008/arnold-borsley.pdf},
  publisher = {CSLI Publications},
  address   = {Stanford, CA},
  pages     = {325--345},
  year      = {2008},
}

@inproceedings{arnold-borsley:2008-cr,
  crossref  = {Mueller2008a-ed},
  author    = {Arnold, Doug and Borsley, Robert D},
  title     = {Non-restrictive Relative Clauses, Ellipsis and Anaphora},
  url       = {http://cslipublications.stanford.edu/HPSG/2008/arnold-borsley.pdf},
  pages     = {325--345},
}

@inproceedings{bildhauer:2008,
  author    = {Bildhauer, Felix},
  title     = {Clitic left dislocation and focus projection in Spanish},
  booktitle = {{Proceedings of the 15th International Conference on Head-Driven Phrase Structure Grammar, National Institute of Information and Communications Technology, Keihanna}},
  editor    = {M{\"u}ller, Stefan},
  OPTissn   = {15351793},
  url       = {http://cslipublications.stanford.edu/HPSG/2008/bildhauer.pdf},
  publisher = {CSLI Publications},
  address   = {Stanford, CA},
  pages     = {346--357},
  year      = {2008},
}

@inproceedings{bildhauer:2008-cr,
  crossref  = {Mueller2008a-ed},
  author    = {Bildhauer, Felix},
  title     = {Clitic left dislocation and focus projection in Spanish},
  url       = {http://cslipublications.stanford.edu/HPSG/2008/bildhauer.pdf},
  pages     = {346--357},
}

@inproceedings{bonami-godard:2008,
  author    = {Bonami, Olivier and Godard, Dani\`{e}le},
  title     = {On the syntax of direct quotation in French},
  booktitle = {{Proceedings of the 15th International Conference on Head-Driven Phrase Structure Grammar, National Institute of Information and Communications Technology, Keihanna}},
  editor    = {M{\"u}ller, Stefan},
  OPTissn   = {15351793},
  url       = {http://cslipublications.stanford.edu/HPSG/2008/bonami-godard.pdf},
  publisher = {CSLI Publications},
  address   = {Stanford, CA},
  pages     = {358--377},
  year      = {2008},
}

@inproceedings{bonami-godard:2008-cr,
  crossref  = {Mueller2008a-ed},
  author    = {Bonami, Olivier and Godard, Dani\`{e}le},
  title     = {On the syntax of direct quotation in French},
  url       = {http://cslipublications.stanford.edu/HPSG/2008/bonami-godard.pdf},
  pages     = {358--377},
}

@inproceedings{henri-abeille:2008,
  author    = {Henri, Fabiola and Abeill{\'e}, Anne},
  title     = {Verb Form Alternations in Mauritian},
  booktitle = {{Proceedings of the 15th International Conference on Head-Driven Phrase Structure Grammar, National Institute of Information and Communications Technology, Keihanna}},
  editor    = {M{\"u}ller, Stefan},
  OPTissn   = {15351793},
  url       = {http://cslipublications.stanford.edu/HPSG/2008/henri-abeille.pdf},
  publisher = {CSLI Publications},
  address   = {Stanford, CA},
  pages     = {378--398},
  year      = {2008},
}

@inproceedings{henri-abeille:2008-cr,
  crossref  = {Mueller2008a-ed},
  author    = {Henri, Fabiola and Abeill{\'e}, Anne},
  title     = {Verb Form Alternations in Mauritian},
  url       = {http://cslipublications.stanford.edu/HPSG/2008/henri-abeille.pdf},
  pages     = {378--398},
}

@inproceedings{imai:2008,
  author    = {Imai, Mutsumi},
  title     = {Children's use of argument structure, meta-knowledge of the lexicon, and extra-linguistic contextual cues in inferring meanings of novel verbs},
  booktitle = {{Proceedings of the 15th International Conference on Head-Driven Phrase Structure Grammar, National Institute of Information and Communications Technology, Keihanna}},
  editor    = {M{\"u}ller, Stefan},
  OPTissn   = {15351793},
  url       = {http://cslipublications.stanford.edu/HPSG/2008/imai.pdf},
  publisher = {CSLI Publications},
  address   = {Stanford, CA},
  pages     = {399--416},
  year      = {2008},
}

@inproceedings{imai:2008-cr,
  crossref  = {Mueller2008a-ed},
  author    = {Imai, Mutsumi},
  title     = {Children's use of argument structure, meta-knowledge of the lexicon, and extra-linguistic contextual cues in inferring meanings of novel verbs},
  url       = {http://cslipublications.stanford.edu/HPSG/2008/imai.pdf},
  pages     = {399--416},
}

@inproceedings{kubota-lee:2008,
  author    = {Kubota, Yusuke and Lee, Jungmee},
  title     = {Reconsidering the Coordinate Structure Constraint in Japanese and Korean: Syntactic constraint or pragmatic principle?},
  booktitle = {{Proceedings of the 15th International Conference on Head-Driven Phrase Structure Grammar, National Institute of Information and Communications Technology, Keihanna}},
  editor    = {M{\"u}ller, Stefan},
  OPTissn   = {15351793},
  url       = {http://cslipublications.stanford.edu/HPSG/2008/kubota-lee.pdf},
  publisher = {CSLI Publications},
  address   = {Stanford, CA},
  pages     = {417--435},
  year      = {2008},
}

@inproceedings{kubota-lee:2008-cr,
  crossref  = {Mueller2008a-ed},
  author    = {Kubota, Yusuke and Lee, Jungmee},
  title     = {Reconsidering the Coordinate Structure Constraint in Japanese and Korean: Syntactic constraint or pragmatic principle?},
  url       = {http://cslipublications.stanford.edu/HPSG/2008/kubota-lee.pdf},
  pages     = {417--435},
}

@inproceedings{marandin:2008,
  author    = {Marandin, Jean-Marie},
  title     = {The Exclamative Clause Type in French},
  booktitle = {{Proceedings of the 15th International Conference on Head-Driven Phrase Structure Grammar, National Institute of Information and Communications Technology, Keihanna}},
  editor    = {M{\"u}ller, Stefan},
  OPTissn   = {15351793},
  url       = {http://cslipublications.stanford.edu/HPSG/2008/marandin.pdf},
  publisher = {CSLI Publications},
  address   = {Stanford, CA},
  pages     = {436--456},
  year      = {2008},
}

@inproceedings{marandin:2008-cr,
  crossref  = {Mueller2008a-ed},
  author    = {Marandin, Jean-Marie},
  title     = {The Exclamative Clause Type in French},
  url       = {http://cslipublications.stanford.edu/HPSG/2008/marandin.pdf},
  pages     = {436--456},
}

