@inproceedings{imai:2008,
  author    = {Imai, Mutsumi},
  title     = {Children's use of argument structure, meta-knowledge of the lexicon, and extra-linguistic contextual cues in inferring meanings of novel verbs},
  booktitle = {{Proceedings of the 15th International Conference on Head-Driven Phrase Structure Grammar, National Institute of Information and Communications Technology, Keihanna}},
  editor    = {M{\"u}ller, Stefan},
  OPTissn   = {15351793},
  url       = {http://cslipublications.stanford.edu/HPSG/2008/imai.pdf},
  publisher = {CSLI Publications},
  address   = {Stanford, CA},
  pages     = {399--416},
  year      = {2008},
}

@inproceedings{imai:2008-cr,
  crossref  = {Mueller2008a-ed},
  author    = {Imai, Mutsumi},
  title     = {Children's use of argument structure, meta-knowledge of the lexicon, and extra-linguistic contextual cues in inferring meanings of novel verbs},
  url       = {http://cslipublications.stanford.edu/HPSG/2008/imai.pdf},
  pages     = {399--416},
}

@proceedings{Mueller2008a-ed,
  editor    = {M{\"u}ller, Stefan},
  title     = {{Proceedings of the 15th International Conference on Head-Driven Phrase Structure Grammar, National Institute of Information and Communications Technology, Keihanna}},
  booktitle = {{Proceedings of the 15th International Conference on Head-Driven Phrase Structure Grammar, National Institute of Information and Communications Technology, Keihanna}},
  publisher = {CSLI Publications},
  address   = {Stanford, CA},
  OPTissn   = {15351793},
  url       = {http://cslipublications.stanford.edu/HPSG/2008/},
  year      = {2008},
}

