@inproceedings{ito-chaves:2008,
  author    = {Ito, Chizuru and Chaves, Rui P.},
  title     = {Apparent Non-Constituent Coordination in Japanese},
  booktitle = {{Proceedings of the 15th International Conference on Head-Driven Phrase Structure Grammar, National Institute of Information and Communications Technology, Keihanna}},
  editor    = {M{\"u}ller, Stefan},
  OPTissn   = {15351793},
  url       = {http://cslipublications.stanford.edu/HPSG/2008/ito-chaves.pdf},
  publisher = {CSLI Publications},
  address   = {Stanford, CA},
  pages     = {95--115},
  year      = {2008},
}

@inproceedings{ito-chaves:2008-cr,
  crossref  = {Mueller2008a-ed},
  author    = {Ito, Chizuru and Chaves, Rui P.},
  title     = {Apparent Non-Constituent Coordination in Japanese},
  url       = {http://cslipublications.stanford.edu/HPSG/2008/ito-chaves.pdf},
  pages     = {95--115},
}

@proceedings{Mueller2008a-ed,
  editor    = {M{\"u}ller, Stefan},
  title     = {{Proceedings of the 15th International Conference on Head-Driven Phrase Structure Grammar, National Institute of Information and Communications Technology, Keihanna}},
  booktitle = {{Proceedings of the 15th International Conference on Head-Driven Phrase Structure Grammar, National Institute of Information and Communications Technology, Keihanna}},
  publisher = {CSLI Publications},
  address   = {Stanford, CA},
  OPTissn   = {15351793},
  url       = {http://cslipublications.stanford.edu/HPSG/2008/},
  year      = {2008},
}

