@inproceedings{ko:2008,
  author    = {Ko, Kil Soo},
  title     = {Korean Postpositions as Weak Syntactic Heads},
  booktitle = {{Proceedings of the 15th International Conference on Head-Driven Phrase Structure Grammar, National Institute of Information and Communications Technology, Keihanna}},
  editor    = {M{\"u}ller, Stefan},
  OPTissn   = {15351793},
  url       = {http://cslipublications.stanford.edu/HPSG/2008/ko.pdf},
  publisher = {CSLI Publications},
  address   = {Stanford, CA},
  pages     = {131--151},
  year      = {2008},
}

@inproceedings{ko:2008-cr,
  crossref  = {Mueller2008a-ed},
  author    = {Ko, Kil Soo},
  title     = {Korean Postpositions as Weak Syntactic Heads},
  url       = {http://cslipublications.stanford.edu/HPSG/2008/ko.pdf},
  pages     = {131--151},
}

@proceedings{Mueller2008a-ed,
  editor    = {M{\"u}ller, Stefan},
  title     = {{Proceedings of the 15th International Conference on Head-Driven Phrase Structure Grammar, National Institute of Information and Communications Technology, Keihanna}},
  booktitle = {{Proceedings of the 15th International Conference on Head-Driven Phrase Structure Grammar, National Institute of Information and Communications Technology, Keihanna}},
  publisher = {CSLI Publications},
  address   = {Stanford, CA},
  OPTissn   = {15351793},
  url       = {http://cslipublications.stanford.edu/HPSG/2008/},
  year      = {2008},
}

