@inproceedings{kubota-lee:2008,
  author    = {Kubota, Yusuke and Lee, Jungmee},
  title     = {Reconsidering the Coordinate Structure Constraint in Japanese and Korean: Syntactic constraint or pragmatic principle?},
  booktitle = {{Proceedings of the 15th International Conference on Head-Driven Phrase Structure Grammar, National Institute of Information and Communications Technology, Keihanna}},
  editor    = {M{\"u}ller, Stefan},
  OPTissn   = {15351793},
  url       = {http://cslipublications.stanford.edu/HPSG/2008/kubota-lee.pdf},
  publisher = {CSLI Publications},
  address   = {Stanford, CA},
  pages     = {417--435},
  year      = {2008},
}

@inproceedings{kubota-lee:2008-cr,
  crossref  = {Mueller2008a-ed},
  author    = {Kubota, Yusuke and Lee, Jungmee},
  title     = {Reconsidering the Coordinate Structure Constraint in Japanese and Korean: Syntactic constraint or pragmatic principle?},
  url       = {http://cslipublications.stanford.edu/HPSG/2008/kubota-lee.pdf},
  pages     = {417--435},
}

@proceedings{Mueller2008a-ed,
  editor    = {M{\"u}ller, Stefan},
  title     = {{Proceedings of the 15th International Conference on Head-Driven Phrase Structure Grammar, National Institute of Information and Communications Technology, Keihanna}},
  booktitle = {{Proceedings of the 15th International Conference on Head-Driven Phrase Structure Grammar, National Institute of Information and Communications Technology, Keihanna}},
  publisher = {CSLI Publications},
  address   = {Stanford, CA},
  OPTissn   = {15351793},
  url       = {http://cslipublications.stanford.edu/HPSG/2008/},
  year      = {2008},
}

