@inproceedings{laurens:2008,
  author    = {Laurens, Fr{\'e}d{\'e}ric},
  title     = {French Predicative Verbless Utterances},
  booktitle = {{Proceedings of the 15th International Conference on Head-Driven Phrase Structure Grammar, National Institute of Information and Communications Technology, Keihanna}},
  editor    = {M{\"u}ller, Stefan},
  OPTissn   = {15351793},
  url       = {http://cslipublications.stanford.edu/HPSG/2008/laurens.pdf},
  publisher = {CSLI Publications},
  address   = {Stanford, CA},
  pages     = {152--172},
  year      = {2008},
}

@inproceedings{laurens:2008-cr,
  crossref  = {Mueller2008a-ed},
  author    = {Laurens, Fr{\'e}d{\'e}ric},
  title     = {French Predicative Verbless Utterances},
  url       = {http://cslipublications.stanford.edu/HPSG/2008/laurens.pdf},
  pages     = {152--172},
}

@proceedings{Mueller2008a-ed,
  editor    = {M{\"u}ller, Stefan},
  title     = {{Proceedings of the 15th International Conference on Head-Driven Phrase Structure Grammar, National Institute of Information and Communications Technology, Keihanna}},
  booktitle = {{Proceedings of the 15th International Conference on Head-Driven Phrase Structure Grammar, National Institute of Information and Communications Technology, Keihanna}},
  publisher = {CSLI Publications},
  address   = {Stanford, CA},
  OPTissn   = {15351793},
  url       = {http://cslipublications.stanford.edu/HPSG/2008/},
  year      = {2008},
}

