@inproceedings{marandin:2008,
  author    = {Marandin, Jean-Marie},
  title     = {The Exclamative Clause Type in French},
  booktitle = {{Proceedings of the 15th International Conference on Head-Driven Phrase Structure Grammar, National Institute of Information and Communications Technology, Keihanna}},
  editor    = {M{\"u}ller, Stefan},
  OPTissn   = {15351793},
  url       = {http://cslipublications.stanford.edu/HPSG/2008/marandin.pdf},
  publisher = {CSLI Publications},
  address   = {Stanford, CA},
  pages     = {436--456},
  year      = {2008},
}

@inproceedings{marandin:2008-cr,
  crossref  = {Mueller2008a-ed},
  author    = {Marandin, Jean-Marie},
  title     = {The Exclamative Clause Type in French},
  url       = {http://cslipublications.stanford.edu/HPSG/2008/marandin.pdf},
  pages     = {436--456},
}

@proceedings{Mueller2008a-ed,
  editor    = {M{\"u}ller, Stefan},
  title     = {{Proceedings of the 15th International Conference on Head-Driven Phrase Structure Grammar, National Institute of Information and Communications Technology, Keihanna}},
  booktitle = {{Proceedings of the 15th International Conference on Head-Driven Phrase Structure Grammar, National Institute of Information and Communications Technology, Keihanna}},
  publisher = {CSLI Publications},
  address   = {Stanford, CA},
  OPTissn   = {15351793},
  url       = {http://cslipublications.stanford.edu/HPSG/2008/},
  year      = {2008},
}

