@inproceedings{sato-tam:2008,
  author    = {Sato, Yo and Tam, Wai Lok},
  title     = {Towards a Unified Account of Adjuncts},
  booktitle = {{Proceedings of the 15th International Conference on Head-Driven Phrase Structure Grammar, National Institute of Information and Communications Technology, Keihanna}},
  editor    = {M{\"u}ller, Stefan},
  OPTissn   = {15351793},
  url       = {http://cslipublications.stanford.edu/HPSG/2008/sato-tam.pdf},
  publisher = {CSLI Publications},
  address   = {Stanford, CA},
  pages     = {173--188},
  year      = {2008},
}

@inproceedings{sato-tam:2008-cr,
  crossref  = {Mueller2008a-ed},
  author    = {Sato, Yo and Tam, Wai Lok},
  title     = {Towards a Unified Account of Adjuncts},
  url       = {http://cslipublications.stanford.edu/HPSG/2008/sato-tam.pdf},
  pages     = {173--188},
}

@proceedings{Mueller2008a-ed,
  editor    = {M{\"u}ller, Stefan},
  title     = {{Proceedings of the 15th International Conference on Head-Driven Phrase Structure Grammar, National Institute of Information and Communications Technology, Keihanna}},
  booktitle = {{Proceedings of the 15th International Conference on Head-Driven Phrase Structure Grammar, National Institute of Information and Communications Technology, Keihanna}},
  publisher = {CSLI Publications},
  address   = {Stanford, CA},
  OPTissn   = {15351793},
  url       = {http://cslipublications.stanford.edu/HPSG/2008/},
  year      = {2008},
}

