@inproceedings{song-choe:2008,
  author    = {Song, Sanghoun and Choe, Jae-Woong},
  title     = {Automatic Construction of Korean Verbal Type Hierarchy using Treebank},
  booktitle = {{Proceedings of the 15th International Conference on Head-Driven Phrase Structure Grammar, National Institute of Information and Communications Technology, Keihanna}},
  editor    = {M{\"u}ller, Stefan},
  OPTissn   = {15351793},
  url       = {http://cslipublications.stanford.edu/HPSG/2008/song-choe.pdf},
  publisher = {CSLI Publications},
  address   = {Stanford, CA},
  pages     = {204--221},
  year      = {2008},
}

@inproceedings{song-choe:2008-cr,
  crossref  = {Mueller2008a-ed},
  author    = {Song, Sanghoun and Choe, Jae-Woong},
  title     = {Automatic Construction of Korean Verbal Type Hierarchy using Treebank},
  url       = {http://cslipublications.stanford.edu/HPSG/2008/song-choe.pdf},
  pages     = {204--221},
}

@proceedings{Mueller2008a-ed,
  editor    = {M{\"u}ller, Stefan},
  title     = {{Proceedings of the 15th International Conference on Head-Driven Phrase Structure Grammar, National Institute of Information and Communications Technology, Keihanna}},
  booktitle = {{Proceedings of the 15th International Conference on Head-Driven Phrase Structure Grammar, National Institute of Information and Communications Technology, Keihanna}},
  publisher = {CSLI Publications},
  address   = {Stanford, CA},
  OPTissn   = {15351793},
  url       = {http://cslipublications.stanford.edu/HPSG/2008/},
  year      = {2008},
}

