@inproceedings{steinicke-penn:2008,
  author    = {Steinicke, Karen and Penn, Gerald},
  title     = {Memory Management for Unification-based Processing of Typed Feature Structures},
  booktitle = {{Proceedings of the 15th International Conference on Head-Driven Phrase Structure Grammar, National Institute of Information and Communications Technology, Keihanna}},
  editor    = {M{\"u}ller, Stefan},
  OPTissn   = {15351793},
  url       = {http://cslipublications.stanford.edu/HPSG/2008/steinicke-penn.pdf},
  publisher = {CSLI Publications},
  address   = {Stanford, CA},
  pages     = {189--203},
  year      = {2008},
}

@inproceedings{steinicke-penn:2008-cr,
  crossref  = {Mueller2008a-ed},
  author    = {Steinicke, Karen and Penn, Gerald},
  title     = {Memory Management for Unification-based Processing of Typed Feature Structures},
  url       = {http://cslipublications.stanford.edu/HPSG/2008/steinicke-penn.pdf},
  pages     = {189--203},
}

@proceedings{Mueller2008a-ed,
  editor    = {M{\"u}ller, Stefan},
  title     = {{Proceedings of the 15th International Conference on Head-Driven Phrase Structure Grammar, National Institute of Information and Communications Technology, Keihanna}},
  booktitle = {{Proceedings of the 15th International Conference on Head-Driven Phrase Structure Grammar, National Institute of Information and Communications Technology, Keihanna}},
  publisher = {CSLI Publications},
  address   = {Stanford, CA},
  OPTissn   = {15351793},
  url       = {http://cslipublications.stanford.edu/HPSG/2008/},
  year      = {2008},
}

