@inproceedings{tam-sato:2008,
  author    = {Tam, Wai Lok and Sato, Yo},
  title     = {An Analysis of Pseudopartitives and Measure Phrases that Say
No to Extra Rules},
  booktitle = {{Proceedings of the 15th International Conference on Head-Driven Phrase Structure Grammar, National Institute of Information and Communications Technology, Keihanna}},
  editor    = {M{\"u}ller, Stefan},
  OPTissn   = {15351793},
  url       = {http://cslipublications.stanford.edu/HPSG/2008/tam-sato.pdf},
  publisher = {CSLI Publications},
  address   = {Stanford, CA},
  pages     = {222--233},
  year      = {2008},
}

@inproceedings{tam-sato:2008-cr,
  crossref  = {Mueller2008a-ed},
  author    = {Tam, Wai Lok and Sato, Yo},
  title     = {An Analysis of Pseudopartitives and Measure Phrases that Say
No to Extra Rules},
  url       = {http://cslipublications.stanford.edu/HPSG/2008/tam-sato.pdf},
  pages     = {222--233},
}

@proceedings{Mueller2008a-ed,
  editor    = {M{\"u}ller, Stefan},
  title     = {{Proceedings of the 15th International Conference on Head-Driven Phrase Structure Grammar, National Institute of Information and Communications Technology, Keihanna}},
  booktitle = {{Proceedings of the 15th International Conference on Head-Driven Phrase Structure Grammar, National Institute of Information and Communications Technology, Keihanna}},
  publisher = {CSLI Publications},
  address   = {Stanford, CA},
  OPTissn   = {15351793},
  url       = {http://cslipublications.stanford.edu/HPSG/2008/},
  year      = {2008},
}

