@inproceedings{tseng:2008,
  author    = {Tseng, Jesse},
  title     = {The representation of syllable structure in HPSG},
  booktitle = {{Proceedings of the 15th International Conference on Head-Driven Phrase Structure Grammar, National Institute of Information and Communications Technology, Keihanna}},
  editor    = {M{\"u}ller, Stefan},
  OPTissn   = {15351793},
  url       = {http://cslipublications.stanford.edu/HPSG/2008/tseng.pdf},
  publisher = {CSLI Publications},
  address   = {Stanford, CA},
  pages     = {234--252},
  year      = {2008},
}

@inproceedings{tseng:2008-cr,
  crossref  = {Mueller2008a-ed},
  author    = {Tseng, Jesse},
  title     = {The representation of syllable structure in HPSG},
  url       = {http://cslipublications.stanford.edu/HPSG/2008/tseng.pdf},
  pages     = {234--252},
}

@proceedings{Mueller2008a-ed,
  editor    = {M{\"u}ller, Stefan},
  title     = {{Proceedings of the 15th International Conference on Head-Driven Phrase Structure Grammar, National Institute of Information and Communications Technology, Keihanna}},
  booktitle = {{Proceedings of the 15th International Conference on Head-Driven Phrase Structure Grammar, National Institute of Information and Communications Technology, Keihanna}},
  publisher = {CSLI Publications},
  address   = {Stanford, CA},
  OPTissn   = {15351793},
  url       = {http://cslipublications.stanford.edu/HPSG/2008/},
  year      = {2008},
}

