@inproceedings{wechsler:2008,
  author    = {Wechsler, Stephen},
  title     = {Dualist Syntax},
  booktitle = {{Proceedings of the 15th International Conference on Head-Driven Phrase Structure Grammar, National Institute of Information and Communications Technology, Keihanna}},
  editor    = {M{\"u}ller, Stefan},
  OPTissn   = {15351793},
  url       = {http://cslipublications.stanford.edu/HPSG/2008/wechsler.pdf},
  publisher = {CSLI Publications},
  address   = {Stanford, CA},
  pages     = {274--293},
  year      = {2008},
}

@inproceedings{wechsler:2008-cr,
  crossref  = {Mueller2008a-ed},
  author    = {Wechsler, Stephen},
  title     = {Dualist Syntax},
  url       = {http://cslipublications.stanford.edu/HPSG/2008/wechsler.pdf},
  pages     = {274--293},
}

@proceedings{Mueller2008a-ed,
  editor    = {M{\"u}ller, Stefan},
  title     = {{Proceedings of the 15th International Conference on Head-Driven Phrase Structure Grammar, National Institute of Information and Communications Technology, Keihanna}},
  booktitle = {{Proceedings of the 15th International Conference on Head-Driven Phrase Structure Grammar, National Institute of Information and Communications Technology, Keihanna}},
  publisher = {CSLI Publications},
  address   = {Stanford, CA},
  OPTissn   = {15351793},
  url       = {http://cslipublications.stanford.edu/HPSG/2008/},
  year      = {2008},
}

