@inproceedings{yoo:2008,
  author    = {Yoo, Eun-Jung},
  title     = {Transparent Free Relatives in English},
  booktitle = {{Proceedings of the 15th International Conference on Head-Driven Phrase Structure Grammar, National Institute of Information and Communications Technology, Keihanna}},
  editor    = {M{\"u}ller, Stefan},
  OPTissn   = {15351793},
  url       = {http://cslipublications.stanford.edu/HPSG/2008/yoo.pdf},
  publisher = {CSLI Publications},
  address   = {Stanford, CA},
  pages     = {294--304},
  year      = {2008},
}

@inproceedings{yoo:2008-cr,
  crossref  = {Mueller2008a-ed},
  author    = {Yoo, Eun-Jung},
  title     = {Transparent Free Relatives in English},
  url       = {http://cslipublications.stanford.edu/HPSG/2008/yoo.pdf},
  pages     = {294--304},
}

@proceedings{Mueller2008a-ed,
  editor    = {M{\"u}ller, Stefan},
  title     = {{Proceedings of the 15th International Conference on Head-Driven Phrase Structure Grammar, National Institute of Information and Communications Technology, Keihanna}},
  booktitle = {{Proceedings of the 15th International Conference on Head-Driven Phrase Structure Grammar, National Institute of Information and Communications Technology, Keihanna}},
  publisher = {CSLI Publications},
  address   = {Stanford, CA},
  OPTissn   = {15351793},
  url       = {http://cslipublications.stanford.edu/HPSG/2008/},
  year      = {2008},
}

