@inproceedings{:2013,
  author    = {Michael Hahn},
  title     = {Word Order Variation in Khoekhoe},
  booktitle = {Proceedings of the 20th International Conference on Head-Driven Phrase Structure Grammar, Freie Universit\"{a}t Berlin},
  editor    = {Stefan M\"{u}ller},
  OPTissn   = {15351793},
  url       = {http://cslipublications.stanford.edu/HPSG/2013/.pdf},
  publisher = {CSLI Publications},
  address   = {Stanford, CA},
  pages     = {27--27},
  year      = {2013},
}

@inproceedings{:2013-cr,
  crossref  = {Mueller2013a-ed},
  author    = {Michael Hahn},
  title     = {Word Order Variation in Khoekhoe},
  url       = {http://cslipublications.stanford.edu/HPSG/2013/.pdf},
  pages     = {27--27},
}

@proceedings{Mueller2013a-ed,
  editor    = {Stefan M\"{u}ller},
  title     = {Proceedings of the 20th International Conference on Head-Driven Phrase Structure Grammar, Freie Universit\"{a}t Berlin},
  booktitle = {Proceedings of the 20th International Conference on Head-Driven Phrase Structure Grammar, Freie Universit\"{a}t Berlin},
  publisher = {CSLI Publications},
  address   = {Stanford, CA},
  OPTissn   = {15351793},
  url       = {http://cslipublications.stanford.edu/HPSG/2013/},
  year      = {2013},
}

