@inproceedings{0:2013,
  author    = {M\"{u}ller, Stefan and Ørsnes, Bjarne},
  title     = {Passive in Danish, English, and German},
  booktitle = {Proceedings of the 20th International Conference on Head-Driven Phrase Structure Grammar, Freie Universität Berlin},
  editor    = {Stefan M{\"u}ller},
  OPTissn   = {15351793},
  url       = {http://cslipublications.stanford.edu/HPSG/2013/0.pdf},
  pages     = {6--6},
  year      = {2013},
}

@inproceedings{0:2013-cr,
  crossref  = {Mueller2013a-ed},
  author    = {M\"{u}ller, Stefan and Ørsnes, Bjarne},
  title     = {Passive in Danish, English, and German},
  url       = {http://cslipublications.stanford.edu/HPSG/2013/0.pdf},
  pages     = {6--6},
}

@proceedings{Mueller2013a-ed,
  editor    = {Stefan M{\"u}ller},
  title     = {Proceedings of the 20th International Conference on Head-Driven Phrase Structure Grammar, Freie Universität Berlin},
  booktitle = {Proceedings of the 20th International Conference on Head-Driven Phrase Structure Grammar, Freie Universität Berlin},
  OPTissn   = {15351793},
  url       = {http://cslipublications.stanford.edu/HPSG/2013/},
  year      = {2013},
}

