@inproceedings{aei:2013,
  author    = {Haugereid, Petter and Melnik, Nurit & Wintner, Shuly},
  title     = {Nonverbal Predicates in Modern Hebrew},
  booktitle = {Proceedings of the 20th International Conference on Head-Driven Phrase Structure Grammar, Freie Universität Berlin},
  editor    = {Stefan Müller},
  OPTissn   = {15351793},
  url       = {http://cslipublications.stanford.edu/HPSG/2013/aei.pdf},
  pages     = {6--6},
  year      = {2013},
}

@inproceedings{aei:2013-cr,
  crossref  = {Mueller2013a-ed},
  author    = {Haugereid, Petter and Melnik, Nurit & Wintner, Shuly},
  title     = {Nonverbal Predicates in Modern Hebrew},
  url       = {http://cslipublications.stanford.edu/HPSG/2013/aei.pdf},
  pages     = {6--6},
}

@proceedings{Mueller2013a-ed,
  editor    = {Stefan Müller},
  title     = {Proceedings of the 20th International Conference on Head-Driven Phrase Structure Grammar, Freie Universität Berlin},
  booktitle = {Proceedings of the 20th International Conference on Head-Driven Phrase Structure Grammar, Freie Universität Berlin},
  OPTissn   = {15351793},
  url       = {http://cslipublications.stanford.edu/HPSG/2013/},
  year      = {2013},
}

