@inproceedings{alexiadou:2013,
  author    = {Alexiadou, Artemis},
  title     = {Where is Non-Active Morphology?},
  booktitle = {{Proceedings of the 20th International Conference on Head-Driven Phrase Structure Grammar, Freie Universit\"{a}t Berlin}},
  editor    = {M{\"u}ller, Stefan},
  OPTissn   = {15351793},
  url       = {http://cslipublications.stanford.edu/HPSG/2013/alexiadou.pdf},
  publisher = {CSLI Publications},
  address   = {Stanford, CA},
  pages     = {244--262},
  year      = {2013},
}

@inproceedings{alexiadou:2013-cr,
  crossref  = {Mueller2013a-ed},
  author    = {Alexiadou, Artemis},
  title     = {Where is Non-Active Morphology?},
  url       = {http://cslipublications.stanford.edu/HPSG/2013/alexiadou.pdf},
  pages     = {244--262},
}

@proceedings{Mueller2013a-ed,
  editor    = {M{\"u}ller, Stefan},
  title     = {{Proceedings of the 20th International Conference on Head-Driven Phrase Structure Grammar, Freie Universit\"{a}t Berlin}},
  booktitle = {{Proceedings of the 20th International Conference on Head-Driven Phrase Structure Grammar, Freie Universit\"{a}t Berlin}},
  publisher = {CSLI Publications},
  address   = {Stanford, CA},
  OPTissn   = {15351793},
  url       = {http://cslipublications.stanford.edu/HPSG/2013/},
  year      = {2013},
}

