@inproceedings{alotaibi-borsley:2013,
  author    = {Alotaibi, Mansour and Borsley, Robert D.},
  title     = {Gaps and Resumptive Pronouns in {Modern Standard Arabic}},
  booktitle = {{Proceedings of the 20th International Conference on Head-Driven Phrase Structure Grammar, Freie Universit\"{a}t Berlin}},
  editor    = {M{\"u}ller, Stefan},
  OPTissn   = {15351793},
  url       = {http://cslipublications.stanford.edu/HPSG/2013/alotaibi-borsley.pdf},
  publisher = {CSLI Publications},
  address   = {Stanford, CA},
  pages     = {6--26},
  year      = {2013},
}

@inproceedings{alotaibi-borsley:2013-cr,
  crossref  = {Mueller2013a-ed},
  author    = {Alotaibi, Mansour and Borsley, Robert D.},
  title     = {Gaps and Resumptive Pronouns in {Modern Standard Arabic}},
  url       = {http://cslipublications.stanford.edu/HPSG/2013/alotaibi-borsley.pdf},
  pages     = {6--26},
}

@proceedings{Mueller2013a-ed,
  editor    = {M{\"u}ller, Stefan},
  title     = {{Proceedings of the 20th International Conference on Head-Driven Phrase Structure Grammar, Freie Universit\"{a}t Berlin}},
  booktitle = {{Proceedings of the 20th International Conference on Head-Driven Phrase Structure Grammar, Freie Universit\"{a}t Berlin}},
  publisher = {CSLI Publications},
  address   = {Stanford, CA},
  OPTissn   = {15351793},
  url       = {http://cslipublications.stanford.edu/HPSG/2013/},
  year      = {2013},
}

