@inproceedings{bonami-crysmann:2013,
  author    = {Bonami, Olivier and Crysmann, Berthold},
  title     = {Morphotactics in an Information-Based Model of Realisational Morphology},
  booktitle = {{Proceedings of the 20th International Conference on Head-Driven Phrase Structure Grammar, Freie Universit\"{a}t Berlin}},
  editor    = {M{\"u}ller, Stefan},
  OPTissn   = {15351793},
  url       = {http://cslipublications.stanford.edu/HPSG/2013/bonami-crysmann.pdf},
  publisher = {CSLI Publications},
  address   = {Stanford, CA},
  pages     = {27--47},
  year      = {2013},
}

@inproceedings{bonami-crysmann:2013-cr,
  crossref  = {Mueller2013a-ed},
  author    = {Bonami, Olivier and Crysmann, Berthold},
  title     = {Morphotactics in an Information-Based Model of Realisational Morphology},
  url       = {http://cslipublications.stanford.edu/HPSG/2013/bonami-crysmann.pdf},
  pages     = {27--47},
}

@proceedings{Mueller2013a-ed,
  editor    = {M{\"u}ller, Stefan},
  title     = {{Proceedings of the 20th International Conference on Head-Driven Phrase Structure Grammar, Freie Universit\"{a}t Berlin}},
  booktitle = {{Proceedings of the 20th International Conference on Head-Driven Phrase Structure Grammar, Freie Universit\"{a}t Berlin}},
  publisher = {CSLI Publications},
  address   = {Stanford, CA},
  OPTissn   = {15351793},
  url       = {http://cslipublications.stanford.edu/HPSG/2013/},
  year      = {2013},
}

