@inproceedings{culicover:2013,
  author    = {Culicover, Peter W.},
  title     = {{Simpler Syntax} and Explanation},
  booktitle = {{Proceedings of the 20th International Conference on Head-Driven Phrase Structure Grammar, Freie Universit\"{a}t Berlin}},
  editor    = {M{\"u}ller, Stefan},
  OPTissn   = {15351793},
  url       = {http://cslipublications.stanford.edu/HPSG/2013/culicover.pdf},
  publisher = {CSLI Publications},
  address   = {Stanford, CA},
  pages     = {263--282},
  year      = {2013},
}

@inproceedings{culicover:2013-cr,
  crossref  = {Mueller2013a-ed},
  author    = {Culicover, Peter W.},
  title     = {{Simpler Syntax} and Explanation},
  url       = {http://cslipublications.stanford.edu/HPSG/2013/culicover.pdf},
  pages     = {263--282},
}

@proceedings{Mueller2013a-ed,
  editor    = {M{\"u}ller, Stefan},
  title     = {{Proceedings of the 20th International Conference on Head-Driven Phrase Structure Grammar, Freie Universit\"{a}t Berlin}},
  booktitle = {{Proceedings of the 20th International Conference on Head-Driven Phrase Structure Grammar, Freie Universit\"{a}t Berlin}},
  publisher = {CSLI Publications},
  address   = {Stanford, CA},
  OPTissn   = {15351793},
  url       = {http://cslipublications.stanford.edu/HPSG/2013/},
  year      = {2013},
}

