@inproceedings{hahn:2013,
  author    = {Hahn, Michael},
  title     = {Word Order Variation in Khoekhoe},
  booktitle = {{Proceedings of the 20th International Conference on Head-Driven Phrase Structure Grammar, Freie Universit\"{a}t Berlin}},
  editor    = {M{\"u}ller, Stefan},
  OPTissn   = {15351793},
  url       = {http://cslipublications.stanford.edu/HPSG/2013/hahn.pdf},
  publisher = {CSLI Publications},
  address   = {Stanford, CA},
  pages     = {48--68},
  year      = {2013},
}

@inproceedings{hahn:2013-cr,
  crossref  = {Mueller2013a-ed},
  author    = {Hahn, Michael},
  title     = {Word Order Variation in Khoekhoe},
  url       = {http://cslipublications.stanford.edu/HPSG/2013/hahn.pdf},
  pages     = {48--68},
}

@proceedings{Mueller2013a-ed,
  editor    = {M{\"u}ller, Stefan},
  title     = {{Proceedings of the 20th International Conference on Head-Driven Phrase Structure Grammar, Freie Universit\"{a}t Berlin}},
  booktitle = {{Proceedings of the 20th International Conference on Head-Driven Phrase Structure Grammar, Freie Universit\"{a}t Berlin}},
  publisher = {CSLI Publications},
  address   = {Stanford, CA},
  OPTissn   = {15351793},
  url       = {http://cslipublications.stanford.edu/HPSG/2013/},
  year      = {2013},
}

