@inproceedings{holler:2013,
  author    = {Holler, Anke},
  title     = {Reanalyzing {German} Correlative \emph{es}},
  booktitle = {{Proceedings of the 20th International Conference on Head-Driven Phrase Structure Grammar, Freie Universit\"{a}t Berlin}},
  editor    = {M{\"u}ller, Stefan},
  OPTissn   = {15351793},
  url       = {http://cslipublications.stanford.edu/HPSG/2013/holler.pdf},
  publisher = {CSLI Publications},
  address   = {Stanford, CA},
  pages     = {90--109},
  year      = {2013},
}

@inproceedings{holler:2013-cr,
  crossref  = {Mueller2013a-ed},
  author    = {Holler, Anke},
  title     = {Reanalyzing {German} Correlative \emph{es}},
  url       = {http://cslipublications.stanford.edu/HPSG/2013/holler.pdf},
  pages     = {90--109},
}

@proceedings{Mueller2013a-ed,
  editor    = {M{\"u}ller, Stefan},
  title     = {{Proceedings of the 20th International Conference on Head-Driven Phrase Structure Grammar, Freie Universit\"{a}t Berlin}},
  booktitle = {{Proceedings of the 20th International Conference on Head-Driven Phrase Structure Grammar, Freie Universit\"{a}t Berlin}},
  publisher = {CSLI Publications},
  address   = {Stanford, CA},
  OPTissn   = {15351793},
  url       = {http://cslipublications.stanford.edu/HPSG/2013/},
  year      = {2013},
}

