@proceedings{Mueller2013a-ed,
  editor    = {M{\"u}ller, Stefan},
  title     = {{Proceedings of the 20th International Conference on Head-Driven Phrase Structure Grammar, Freie Universit\"{a}t Berlin}},
  booktitle = {{Proceedings of the 20th International Conference on Head-Driven Phrase Structure Grammar, Freie Universit\"{a}t Berlin}},
  url       = {http://cslipublications.stanford.edu/HPSG/2013/},
  publisher = {CSLI Publications},
  address   = {Stanford, CA},
  OPTissn   = {15351793},
  year      = {2013},
}

@inproceedings{alotaibi-borsley:2013,
  author    = {Alotaibi, Mansour and Borsley, Robert D.},
  title     = {Gaps and Resumptive Pronouns in {Modern Standard Arabic}},
  booktitle = {{Proceedings of the 20th International Conference on Head-Driven Phrase Structure Grammar, Freie Universit\"{a}t Berlin}},
  editor    = {M{\"u}ller, Stefan},
  OPTissn   = {15351793},
  url       = {http://cslipublications.stanford.edu/HPSG/2013/alotaibi-borsley.pdf},
  publisher = {CSLI Publications},
  address   = {Stanford, CA},
  pages     = {6--26},
  year      = {2013},
}

@inproceedings{alotaibi-borsley:2013-cr,
  crossref  = {Mueller2013a-ed},
  author    = {Alotaibi, Mansour and Borsley, Robert D.},
  title     = {Gaps and Resumptive Pronouns in {Modern Standard Arabic}},
  url       = {http://cslipublications.stanford.edu/HPSG/2013/alotaibi-borsley.pdf},
  pages     = {6--26},
}

@inproceedings{bonami-crysmann:2013,
  author    = {Bonami, Olivier and Crysmann, Berthold},
  title     = {Morphotactics in an Information-Based Model of Realisational Morphology},
  booktitle = {{Proceedings of the 20th International Conference on Head-Driven Phrase Structure Grammar, Freie Universit\"{a}t Berlin}},
  editor    = {M{\"u}ller, Stefan},
  OPTissn   = {15351793},
  url       = {http://cslipublications.stanford.edu/HPSG/2013/bonami-crysmann.pdf},
  publisher = {CSLI Publications},
  address   = {Stanford, CA},
  pages     = {27--47},
  year      = {2013},
}

@inproceedings{bonami-crysmann:2013-cr,
  crossref  = {Mueller2013a-ed},
  author    = {Bonami, Olivier and Crysmann, Berthold},
  title     = {Morphotactics in an Information-Based Model of Realisational Morphology},
  url       = {http://cslipublications.stanford.edu/HPSG/2013/bonami-crysmann.pdf},
  pages     = {27--47},
}

@inproceedings{hahn:2013,
  author    = {Hahn, Michael},
  title     = {Word Order Variation in Khoekhoe},
  booktitle = {{Proceedings of the 20th International Conference on Head-Driven Phrase Structure Grammar, Freie Universit\"{a}t Berlin}},
  editor    = {M{\"u}ller, Stefan},
  OPTissn   = {15351793},
  url       = {http://cslipublications.stanford.edu/HPSG/2013/hahn.pdf},
  publisher = {CSLI Publications},
  address   = {Stanford, CA},
  pages     = {48--68},
  year      = {2013},
}

@inproceedings{hahn:2013-cr,
  crossref  = {Mueller2013a-ed},
  author    = {Hahn, Michael},
  title     = {Word Order Variation in Khoekhoe},
  url       = {http://cslipublications.stanford.edu/HPSG/2013/hahn.pdf},
  pages     = {48--68},
}

@inproceedings{hmw:2013,
  author    = {Haugereid, Petter and Melnik, Nurit and Wintner, Shuly},
  title     = {Nonverbal Predicates in {Modern Hebrew}},
  booktitle = {{Proceedings of the 20th International Conference on Head-Driven Phrase Structure Grammar, Freie Universit\"{a}t Berlin}},
  editor    = {M{\"u}ller, Stefan},
  OPTissn   = {15351793},
  url       = {http://cslipublications.stanford.edu/HPSG/2013/hmw.pdf},
  publisher = {CSLI Publications},
  address   = {Stanford, CA},
  pages     = {69--89},
  year      = {2013},
}

@inproceedings{hmw:2013-cr,
  crossref  = {Mueller2013a-ed},
  author    = {Haugereid, Petter and Melnik, Nurit and Wintner, Shuly},
  title     = {Nonverbal Predicates in {Modern Hebrew}},
  url       = {http://cslipublications.stanford.edu/HPSG/2013/hmw.pdf},
  pages     = {69--89},
}

@inproceedings{holler:2013,
  author    = {Holler, Anke},
  title     = {Reanalyzing {German} Correlative \emph{es}},
  booktitle = {{Proceedings of the 20th International Conference on Head-Driven Phrase Structure Grammar, Freie Universit\"{a}t Berlin}},
  editor    = {M{\"u}ller, Stefan},
  OPTissn   = {15351793},
  url       = {http://cslipublications.stanford.edu/HPSG/2013/holler.pdf},
  publisher = {CSLI Publications},
  address   = {Stanford, CA},
  pages     = {90--109},
  year      = {2013},
}

@inproceedings{holler:2013-cr,
  crossref  = {Mueller2013a-ed},
  author    = {Holler, Anke},
  title     = {Reanalyzing {German} Correlative \emph{es}},
  url       = {http://cslipublications.stanford.edu/HPSG/2013/holler.pdf},
  pages     = {90--109},
}

@inproceedings{jin:2013,
  author    = {Jin, Dawei},
  title     = {Information Structure Constraints and Complex NP Islands in {Chinese}},
  booktitle = {{Proceedings of the 20th International Conference on Head-Driven Phrase Structure Grammar, Freie Universit\"{a}t Berlin}},
  editor    = {M{\"u}ller, Stefan},
  OPTissn   = {15351793},
  url       = {http://cslipublications.stanford.edu/HPSG/2013/jin.pdf},
  publisher = {CSLI Publications},
  address   = {Stanford, CA},
  pages     = {110--120},
  year      = {2013},
}

@inproceedings{jin:2013-cr,
  crossref  = {Mueller2013a-ed},
  author    = {Jin, Dawei},
  title     = {Information Structure Constraints and Complex NP Islands in {Chinese}},
  url       = {http://cslipublications.stanford.edu/HPSG/2013/jin.pdf},
  pages     = {110--120},
}

@inproceedings{miller:2013,
  author    = {Miller, Philip},
  title     = {Usage Preferences: The Case of the {English} Verbal Anaphor \emph{do so}},
  booktitle = {{Proceedings of the 20th International Conference on Head-Driven Phrase Structure Grammar, Freie Universit\"{a}t Berlin}},
  editor    = {M{\"u}ller, Stefan},
  OPTissn   = {15351793},
  url       = {http://cslipublications.stanford.edu/HPSG/2013/miller.pdf},
  publisher = {CSLI Publications},
  address   = {Stanford, CA},
  pages     = {121--139},
  year      = {2013},
}

@inproceedings{miller:2013-cr,
  crossref  = {Mueller2013a-ed},
  author    = {Miller, Philip},
  title     = {Usage Preferences: The Case of the {English} Verbal Anaphor \emph{do so}},
  url       = {http://cslipublications.stanford.edu/HPSG/2013/miller.pdf},
  pages     = {121--139},
}

@inproceedings{mueller-oersnes:2013,
  author    = {M{\"u}ller, Stefan and {\O}rsnes, Bjarne},
  title     = {Passive in {Danish}, {English}, and {German}},
  booktitle = {{Proceedings of the 20th International Conference on Head-Driven Phrase Structure Grammar, Freie Universit\"{a}t Berlin}},
  editor    = {M{\"u}ller, Stefan},
  OPTissn   = {15351793},
  url       = {http://cslipublications.stanford.edu/HPSG/2013/mueller-oersnes.pdf},
  publisher = {CSLI Publications},
  address   = {Stanford, CA},
  pages     = {140--160},
  year      = {2013},
}

@inproceedings{mueller-oersnes:2013-cr,
  crossref  = {Mueller2013a-ed},
  author    = {M{\"u}ller, Stefan and {\O}rsnes, Bjarne},
  title     = {Passive in {Danish}, {English}, and {German}},
  url       = {http://cslipublications.stanford.edu/HPSG/2013/mueller-oersnes.pdf},
  pages     = {140--160},
}

@inproceedings{przepiorkowski:2013,
  author    = {Przepi{\'o}rkowski, Adam},
  title     = {The Syntax of Distance Distributivity in {Polish}: Preserving Generalisations with Weak Heads},
  booktitle = {{Proceedings of the 20th International Conference on Head-Driven Phrase Structure Grammar, Freie Universit\"{a}t Berlin}},
  editor    = {M{\"u}ller, Stefan},
  OPTissn   = {15351793},
  url       = {http://cslipublications.stanford.edu/HPSG/2013/przepiorkowski.pdf},
  publisher = {CSLI Publications},
  address   = {Stanford, CA},
  pages     = {161--181},
  year      = {2013},
}

@inproceedings{przepiorkowski:2013-cr,
  crossref  = {Mueller2013a-ed},
  author    = {Przepi{\'o}rkowski, Adam},
  title     = {The Syntax of Distance Distributivity in {Polish}: Preserving Generalisations with Weak Heads},
  url       = {http://cslipublications.stanford.edu/HPSG/2013/przepiorkowski.pdf},
  pages     = {161--181},
}

@inproceedings{ryu:2013,
  author    = {Ryu, Byong-Rae},
  title     = {Multiple Case Marking as Case Copying: A Unified Approach to Multiple Nominative and Accusative Constructions in {Korean}},
  booktitle = {{Proceedings of the 20th International Conference on Head-Driven Phrase Structure Grammar, Freie Universit\"{a}t Berlin}},
  editor    = {M{\"u}ller, Stefan},
  OPTissn   = {15351793},
  url       = {http://cslipublications.stanford.edu/HPSG/2013/ryu.pdf},
  publisher = {CSLI Publications},
  address   = {Stanford, CA},
  pages     = {182--202},
  year      = {2013},
}

@inproceedings{ryu:2013-cr,
  crossref  = {Mueller2013a-ed},
  author    = {Ryu, Byong-Rae},
  title     = {Multiple Case Marking as Case Copying: A Unified Approach to Multiple Nominative and Accusative Constructions in {Korean}},
  url       = {http://cslipublications.stanford.edu/HPSG/2013/ryu.pdf},
  pages     = {182--202},
}

@inproceedings{szecsenyi:2013,
  author    = {Sz{\'e}cs{\'e}nyi, Tibor},
  title     = {Argument Inheritance and Left Periphery in {Hungarian} Infinitival Constructions},
  booktitle = {{Proceedings of the 20th International Conference on Head-Driven Phrase Structure Grammar, Freie Universit\"{a}t Berlin}},
  editor    = {M{\"u}ller, Stefan},
  OPTissn   = {15351793},
  url       = {http://cslipublications.stanford.edu/HPSG/2013/szecsenyi.pdf},
  publisher = {CSLI Publications},
  address   = {Stanford, CA},
  pages     = {203--221},
  year      = {2013},
}

@inproceedings{szecsenyi:2013-cr,
  crossref  = {Mueller2013a-ed},
  author    = {Sz{\'e}cs{\'e}nyi, Tibor},
  title     = {Argument Inheritance and Left Periphery in {Hungarian} Infinitival Constructions},
  url       = {http://cslipublications.stanford.edu/HPSG/2013/szecsenyi.pdf},
  pages     = {203--221},
}

@inproceedings{vaneynde-augustinus:2013,
  author    = {Van Eynde, Frank and Augustinus, Liesbeth},
  title     = {Why and How to Differentiate Complement Raising from Subject Raising in {Dutch}},
  booktitle = {{Proceedings of the 20th International Conference on Head-Driven Phrase Structure Grammar, Freie Universit\"{a}t Berlin}},
  editor    = {M{\"u}ller, Stefan},
  OPTissn   = {15351793},
  url       = {http://cslipublications.stanford.edu/HPSG/2013/vaneynde-augustinus.pdf},
  publisher = {CSLI Publications},
  address   = {Stanford, CA},
  pages     = {222--242},
  year      = {2013},
}

@inproceedings{vaneynde-augustinus:2013-cr,
  crossref  = {Mueller2013a-ed},
  author    = {Van Eynde, Frank and Augustinus, Liesbeth},
  title     = {Why and How to Differentiate Complement Raising from Subject Raising in {Dutch}},
  url       = {http://cslipublications.stanford.edu/HPSG/2013/vaneynde-augustinus.pdf},
  pages     = {222--242},
}

@inproceedings{alexiadou:2013,
  author    = {Alexiadou, Artemis},
  title     = {Where is Non-Active Morphology?},
  booktitle = {{Proceedings of the 20th International Conference on Head-Driven Phrase Structure Grammar, Freie Universit\"{a}t Berlin}},
  editor    = {M{\"u}ller, Stefan},
  OPTissn   = {15351793},
  url       = {http://cslipublications.stanford.edu/HPSG/2013/alexiadou.pdf},
  publisher = {CSLI Publications},
  address   = {Stanford, CA},
  pages     = {244--262},
  year      = {2013},
}

@inproceedings{alexiadou:2013-cr,
  crossref  = {Mueller2013a-ed},
  author    = {Alexiadou, Artemis},
  title     = {Where is Non-Active Morphology?},
  url       = {http://cslipublications.stanford.edu/HPSG/2013/alexiadou.pdf},
  pages     = {244--262},
}

@inproceedings{culicover:2013,
  author    = {Culicover, Peter W.},
  title     = {{Simpler Syntax} and Explanation},
  booktitle = {{Proceedings of the 20th International Conference on Head-Driven Phrase Structure Grammar, Freie Universit\"{a}t Berlin}},
  editor    = {M{\"u}ller, Stefan},
  OPTissn   = {15351793},
  url       = {http://cslipublications.stanford.edu/HPSG/2013/culicover.pdf},
  publisher = {CSLI Publications},
  address   = {Stanford, CA},
  pages     = {263--282},
  year      = {2013},
}

@inproceedings{culicover:2013-cr,
  crossref  = {Mueller2013a-ed},
  author    = {Culicover, Peter W.},
  title     = {{Simpler Syntax} and Explanation},
  url       = {http://cslipublications.stanford.edu/HPSG/2013/culicover.pdf},
  pages     = {263--282},
}

