@inproceedings{jin:2013,
  author    = {Jin, Dawei},
  title     = {Information Structure Constraints and Complex NP Islands in {Chinese}},
  booktitle = {{Proceedings of the 20th International Conference on Head-Driven Phrase Structure Grammar, Freie Universit\"{a}t Berlin}},
  editor    = {M{\"u}ller, Stefan},
  OPTissn   = {15351793},
  url       = {http://cslipublications.stanford.edu/HPSG/2013/jin.pdf},
  publisher = {CSLI Publications},
  address   = {Stanford, CA},
  pages     = {110--120},
  year      = {2013},
}

@inproceedings{jin:2013-cr,
  crossref  = {Mueller2013a-ed},
  author    = {Jin, Dawei},
  title     = {Information Structure Constraints and Complex NP Islands in {Chinese}},
  url       = {http://cslipublications.stanford.edu/HPSG/2013/jin.pdf},
  pages     = {110--120},
}

@proceedings{Mueller2013a-ed,
  editor    = {M{\"u}ller, Stefan},
  title     = {{Proceedings of the 20th International Conference on Head-Driven Phrase Structure Grammar, Freie Universit\"{a}t Berlin}},
  booktitle = {{Proceedings of the 20th International Conference on Head-Driven Phrase Structure Grammar, Freie Universit\"{a}t Berlin}},
  publisher = {CSLI Publications},
  address   = {Stanford, CA},
  OPTissn   = {15351793},
  url       = {http://cslipublications.stanford.edu/HPSG/2013/},
  year      = {2013},
}

