@inproceedings{miller:2013,
  author    = {Miller, Philip},
  title     = {Usage Preferences: The Case of the {English} Verbal Anaphor \emph{do so}},
  booktitle = {{Proceedings of the 20th International Conference on Head-Driven Phrase Structure Grammar, Freie Universit\"{a}t Berlin}},
  editor    = {M{\"u}ller, Stefan},
  OPTissn   = {15351793},
  url       = {http://cslipublications.stanford.edu/HPSG/2013/miller.pdf},
  publisher = {CSLI Publications},
  address   = {Stanford, CA},
  pages     = {121--139},
  year      = {2013},
}

@inproceedings{miller:2013-cr,
  crossref  = {Mueller2013a-ed},
  author    = {Miller, Philip},
  title     = {Usage Preferences: The Case of the {English} Verbal Anaphor \emph{do so}},
  url       = {http://cslipublications.stanford.edu/HPSG/2013/miller.pdf},
  pages     = {121--139},
}

@proceedings{Mueller2013a-ed,
  editor    = {M{\"u}ller, Stefan},
  title     = {{Proceedings of the 20th International Conference on Head-Driven Phrase Structure Grammar, Freie Universit\"{a}t Berlin}},
  booktitle = {{Proceedings of the 20th International Conference on Head-Driven Phrase Structure Grammar, Freie Universit\"{a}t Berlin}},
  publisher = {CSLI Publications},
  address   = {Stanford, CA},
  OPTissn   = {15351793},
  url       = {http://cslipublications.stanford.edu/HPSG/2013/},
  year      = {2013},
}

