@inproceedings{mueller-stefan:2013,
  author    = {M\"{u}ller, Stefan},
  title     = {October 15, 2013},
  booktitle = {Proceedings of the 20th International Conference on Head-Driven Phrase Structure Grammar, Freie Universit\"{a}t Berlin},
  editor    = {Stefan M\"{u}ller},
  OPTissn   = {15351793},
  url       = {http://cslipublications.stanford.edu/HPSG/2013/mueller-stefan.pdf},
  publisher = {CSLI Publications},
  address   = {Stanford, CA},
  pages     = {182--182},
  year      = {2013},
}

@inproceedings{mueller-stefan:2013-cr,
  crossref  = {Mueller2013a-ed},
  author    = {M\"{u}ller, Stefan},
  title     = {October 15, 2013},
  url       = {http://cslipublications.stanford.edu/HPSG/2013/mueller-stefan.pdf},
  pages     = {182--182},
}

@proceedings{Mueller2013a-ed,
  editor    = {Stefan M\"{u}ller},
  title     = {Proceedings of the 20th International Conference on Head-Driven Phrase Structure Grammar, Freie Universit\"{a}t Berlin},
  booktitle = {Proceedings of the 20th International Conference on Head-Driven Phrase Structure Grammar, Freie Universit\"{a}t Berlin},
  publisher = {CSLI Publications},
  address   = {Stanford, CA},
  OPTissn   = {15351793},
  url       = {http://cslipublications.stanford.edu/HPSG/2013/},
  year      = {2013},
}

