@inproceedings{przepiorkowski:2013,
  author    = {Przepi{\'o}rkowski, Adam},
  title     = {The Syntax of Distance Distributivity in {Polish}: Preserving Generalisations with Weak Heads},
  booktitle = {{Proceedings of the 20th International Conference on Head-Driven Phrase Structure Grammar, Freie Universit\"{a}t Berlin}},
  editor    = {M{\"u}ller, Stefan},
  OPTissn   = {15351793},
  url       = {http://cslipublications.stanford.edu/HPSG/2013/przepiorkowski.pdf},
  publisher = {CSLI Publications},
  address   = {Stanford, CA},
  pages     = {161--181},
  year      = {2013},
}

@inproceedings{przepiorkowski:2013-cr,
  crossref  = {Mueller2013a-ed},
  author    = {Przepi{\'o}rkowski, Adam},
  title     = {The Syntax of Distance Distributivity in {Polish}: Preserving Generalisations with Weak Heads},
  url       = {http://cslipublications.stanford.edu/HPSG/2013/przepiorkowski.pdf},
  pages     = {161--181},
}

@proceedings{Mueller2013a-ed,
  editor    = {M{\"u}ller, Stefan},
  title     = {{Proceedings of the 20th International Conference on Head-Driven Phrase Structure Grammar, Freie Universit\"{a}t Berlin}},
  booktitle = {{Proceedings of the 20th International Conference on Head-Driven Phrase Structure Grammar, Freie Universit\"{a}t Berlin}},
  publisher = {CSLI Publications},
  address   = {Stanford, CA},
  OPTissn   = {15351793},
  url       = {http://cslipublications.stanford.edu/HPSG/2013/},
  year      = {2013},
}

