@inproceedings{ryu:2013,
  author    = {Ryu, Byong-Rae},
  title     = {Multiple Case Marking as Case Copying: A Unified Approach to Multiple Nominative and Accusative Constructions in {Korean}},
  booktitle = {{Proceedings of the 20th International Conference on Head-Driven Phrase Structure Grammar, Freie Universit\"{a}t Berlin}},
  editor    = {M{\"u}ller, Stefan},
  OPTissn   = {15351793},
  url       = {http://cslipublications.stanford.edu/HPSG/2013/ryu.pdf},
  publisher = {CSLI Publications},
  address   = {Stanford, CA},
  pages     = {182--202},
  year      = {2013},
}

@inproceedings{ryu:2013-cr,
  crossref  = {Mueller2013a-ed},
  author    = {Ryu, Byong-Rae},
  title     = {Multiple Case Marking as Case Copying: A Unified Approach to Multiple Nominative and Accusative Constructions in {Korean}},
  url       = {http://cslipublications.stanford.edu/HPSG/2013/ryu.pdf},
  pages     = {182--202},
}

@proceedings{Mueller2013a-ed,
  editor    = {M{\"u}ller, Stefan},
  title     = {{Proceedings of the 20th International Conference on Head-Driven Phrase Structure Grammar, Freie Universit\"{a}t Berlin}},
  booktitle = {{Proceedings of the 20th International Conference on Head-Driven Phrase Structure Grammar, Freie Universit\"{a}t Berlin}},
  publisher = {CSLI Publications},
  address   = {Stanford, CA},
  OPTissn   = {15351793},
  url       = {http://cslipublications.stanford.edu/HPSG/2013/},
  year      = {2013},
}

