@inproceedings{szecsenyi:2013,
  author    = {Sz{\'e}cs{\'e}nyi, Tibor},
  title     = {Argument Inheritance and Left Periphery in {Hungarian} Infinitival Constructions},
  booktitle = {{Proceedings of the 20th International Conference on Head-Driven Phrase Structure Grammar, Freie Universit\"{a}t Berlin}},
  editor    = {M{\"u}ller, Stefan},
  OPTissn   = {15351793},
  url       = {http://cslipublications.stanford.edu/HPSG/2013/szecsenyi.pdf},
  publisher = {CSLI Publications},
  address   = {Stanford, CA},
  pages     = {203--221},
  year      = {2013},
}

@inproceedings{szecsenyi:2013-cr,
  crossref  = {Mueller2013a-ed},
  author    = {Sz{\'e}cs{\'e}nyi, Tibor},
  title     = {Argument Inheritance and Left Periphery in {Hungarian} Infinitival Constructions},
  url       = {http://cslipublications.stanford.edu/HPSG/2013/szecsenyi.pdf},
  pages     = {203--221},
}

@proceedings{Mueller2013a-ed,
  editor    = {M{\"u}ller, Stefan},
  title     = {{Proceedings of the 20th International Conference on Head-Driven Phrase Structure Grammar, Freie Universit\"{a}t Berlin}},
  booktitle = {{Proceedings of the 20th International Conference on Head-Driven Phrase Structure Grammar, Freie Universit\"{a}t Berlin}},
  publisher = {CSLI Publications},
  address   = {Stanford, CA},
  OPTissn   = {15351793},
  url       = {http://cslipublications.stanford.edu/HPSG/2013/},
  year      = {2013},
}

