@inproceedings{vaneynde-augustinus:2013,
  author    = {Van Eynde, Frank and Augustinus, Liesbeth},
  title     = {Why and How to Differentiate Complement Raising from Subject Raising in {Dutch}},
  booktitle = {{Proceedings of the 20th International Conference on Head-Driven Phrase Structure Grammar, Freie Universit\"{a}t Berlin}},
  editor    = {M{\"u}ller, Stefan},
  OPTissn   = {15351793},
  url       = {http://cslipublications.stanford.edu/HPSG/2013/vaneynde-augustinus.pdf},
  publisher = {CSLI Publications},
  address   = {Stanford, CA},
  pages     = {222--242},
  year      = {2013},
}

@inproceedings{vaneynde-augustinus:2013-cr,
  crossref  = {Mueller2013a-ed},
  author    = {Van Eynde, Frank and Augustinus, Liesbeth},
  title     = {Why and How to Differentiate Complement Raising from Subject Raising in {Dutch}},
  url       = {http://cslipublications.stanford.edu/HPSG/2013/vaneynde-augustinus.pdf},
  pages     = {222--242},
}

@proceedings{Mueller2013a-ed,
  editor    = {M{\"u}ller, Stefan},
  title     = {{Proceedings of the 20th International Conference on Head-Driven Phrase Structure Grammar, Freie Universit\"{a}t Berlin}},
  booktitle = {{Proceedings of the 20th International Conference on Head-Driven Phrase Structure Grammar, Freie Universit\"{a}t Berlin}},
  publisher = {CSLI Publications},
  address   = {Stanford, CA},
  OPTissn   = {15351793},
  url       = {http://cslipublications.stanford.edu/HPSG/2013/},
  year      = {2013},
}

