@inproceedings{bonami-godard:2007,
  author    = {Bonami, Olivier and Godard,  Dani\`{e}le},
  title     = {Integrating Linguistic Dimensions: The Scope of Adverbs},
  booktitle = {{Proceedings of the 14th International Conference on Head-Driven Phrase Structure Grammar, Stanford Department of Linguistics and CSLI's LinGO Lab}},
  editor    = {M{\"u}ller, Stefan},
  OPTissn   = {15351793},
  url       = {http://cslipublications.stanford.edu/HPSG/2007/bonami-godard.pdf},
  publisher = {CSLI Publications},
  address   = {Stanford, CA},
  pages     = {25--45},
  year      = {2007},
}

@inproceedings{bonami-godard:2007-cr,
  crossref  = {Mueller2007a-ed},
  author    = {Bonami, Olivier and Godard,  Dani\`{e}le},
  title     = {Integrating Linguistic Dimensions: The Scope of Adverbs},
  url       = {http://cslipublications.stanford.edu/HPSG/2007/bonami-godard.pdf},
  pages     = {25--45},
}

@proceedings{Mueller2007a-ed,
  editor    = {M{\"u}ller, Stefan},
  title     = {{Proceedings of the 14th International Conference on Head-Driven Phrase Structure Grammar, Stanford Department of Linguistics and CSLI's LinGO Lab}},
  booktitle = {{Proceedings of the 14th International Conference on Head-Driven Phrase Structure Grammar, Stanford Department of Linguistics and CSLI's LinGO Lab}},
  publisher = {CSLI Publications},
  address   = {Stanford, CA},
  OPTissn   = {15351793},
  url       = {http://cslipublications.stanford.edu/HPSG/2007/},
  year      = {2007},
}

