@inproceedings{chaves-paperno:2007,
  author    = {Chaves, Rui P. and Paperno, Denis},
  title     = {On The Russian Hybrid Coordination Construction},
  booktitle = {{Proceedings of the 14th International Conference on Head-Driven Phrase Structure Grammar, Stanford Department of Linguistics and CSLI's LinGO Lab}},
  editor    = {M{\"u}ller, Stefan},
  OPTissn   = {15351793},
  url       = {http://cslipublications.stanford.edu/HPSG/2007/chaves-paperno.pdf},
  publisher = {CSLI Publications},
  address   = {Stanford, CA},
  pages     = {46--64},
  year      = {2007},
}

@inproceedings{chaves-paperno:2007-cr,
  crossref  = {Mueller2007a-ed},
  author    = {Chaves, Rui P. and Paperno, Denis},
  title     = {On The Russian Hybrid Coordination Construction},
  url       = {http://cslipublications.stanford.edu/HPSG/2007/chaves-paperno.pdf},
  pages     = {46--64},
}

@proceedings{Mueller2007a-ed,
  editor    = {M{\"u}ller, Stefan},
  title     = {{Proceedings of the 14th International Conference on Head-Driven Phrase Structure Grammar, Stanford Department of Linguistics and CSLI's LinGO Lab}},
  booktitle = {{Proceedings of the 14th International Conference on Head-Driven Phrase Structure Grammar, Stanford Department of Linguistics and CSLI's LinGO Lab}},
  publisher = {CSLI Publications},
  address   = {Stanford, CA},
  OPTissn   = {15351793},
  url       = {http://cslipublications.stanford.edu/HPSG/2007/},
  year      = {2007},
}

