@inproceedings{crysmann-vonboeselager:2007,
  author    = {Crysmann, Berthold and von B{\"o}selager, Philipp},
  title     = {Using an HPSG Grammar for the Generation of Prosody},
  booktitle = {{Proceedings of the 14th International Conference on Head-Driven Phrase Structure Grammar, Stanford Department of Linguistics and CSLI's LinGO Lab}},
  editor    = {M{\"u}ller, Stefan},
  OPTissn   = {15351793},
  url       = {http://cslipublications.stanford.edu/HPSG/2007/crysmann-vonboeselager.pdf},
  publisher = {CSLI Publications},
  address   = {Stanford, CA},
  pages     = {83--98},
  year      = {2007},
}

@inproceedings{crysmann-vonboeselager:2007-cr,
  crossref  = {Mueller2007a-ed},
  author    = {Crysmann, Berthold and von B{\"o}selager, Philipp},
  title     = {Using an HPSG Grammar for the Generation of Prosody},
  url       = {http://cslipublications.stanford.edu/HPSG/2007/crysmann-vonboeselager.pdf},
  pages     = {83--98},
}

@proceedings{Mueller2007a-ed,
  editor    = {M{\"u}ller, Stefan},
  title     = {{Proceedings of the 14th International Conference on Head-Driven Phrase Structure Grammar, Stanford Department of Linguistics and CSLI's LinGO Lab}},
  booktitle = {{Proceedings of the 14th International Conference on Head-Driven Phrase Structure Grammar, Stanford Department of Linguistics and CSLI's LinGO Lab}},
  publisher = {CSLI Publications},
  address   = {Stanford, CA},
  OPTissn   = {15351793},
  url       = {http://cslipublications.stanford.edu/HPSG/2007/},
  year      = {2007},
}

