@inproceedings{francis:2007,
  author    = {Francis, Elaine J.},
  title     = {The Role of Default Constructions in the Processing of Mismatch: the Case of Possessive Free Relatives},
  booktitle = {{Proceedings of the 14th International Conference on Head-Driven Phrase Structure Grammar, Stanford Department of Linguistics and CSLI's LinGO Lab}},
  editor    = {M{\"u}ller, Stefan},
  OPTissn   = {15351793},
  url       = {http://cslipublications.stanford.edu/HPSG/2007/francis.pdf},
  publisher = {CSLI Publications},
  address   = {Stanford, CA},
  pages     = {345--363},
  year      = {2007},
}

@inproceedings{francis:2007-cr,
  crossref  = {Mueller2007a-ed},
  author    = {Francis, Elaine J.},
  title     = {The Role of Default Constructions in the Processing of Mismatch: the Case of Possessive Free Relatives},
  url       = {http://cslipublications.stanford.edu/HPSG/2007/francis.pdf},
  pages     = {345--363},
}

@proceedings{Mueller2007a-ed,
  editor    = {M{\"u}ller, Stefan},
  title     = {{Proceedings of the 14th International Conference on Head-Driven Phrase Structure Grammar, Stanford Department of Linguistics and CSLI's LinGO Lab}},
  booktitle = {{Proceedings of the 14th International Conference on Head-Driven Phrase Structure Grammar, Stanford Department of Linguistics and CSLI's LinGO Lab}},
  publisher = {CSLI Publications},
  address   = {Stanford, CA},
  OPTissn   = {15351793},
  url       = {http://cslipublications.stanford.edu/HPSG/2007/},
  year      = {2007},
}

