@inproceedings{henri-abeille:2007,
  author    = {Henri, Fabiola and Abeill{\'e}, Anne},
  title     = {The Syntax of Copular Constructions in Mauritian},
  booktitle = {{Proceedings of the 14th International Conference on Head-Driven Phrase Structure Grammar, Stanford Department of Linguistics and CSLI's LinGO Lab}},
  editor    = {M{\"u}ller, Stefan},
  OPTissn   = {15351793},
  url       = {http://cslipublications.stanford.edu/HPSG/2007/henri-abeille.pdf},
  publisher = {CSLI Publications},
  address   = {Stanford, CA},
  pages     = {130--149},
  year      = {2007},
}

@inproceedings{henri-abeille:2007-cr,
  crossref  = {Mueller2007a-ed},
  author    = {Henri, Fabiola and Abeill{\'e}, Anne},
  title     = {The Syntax of Copular Constructions in Mauritian},
  url       = {http://cslipublications.stanford.edu/HPSG/2007/henri-abeille.pdf},
  pages     = {130--149},
}

@proceedings{Mueller2007a-ed,
  editor    = {M{\"u}ller, Stefan},
  title     = {{Proceedings of the 14th International Conference on Head-Driven Phrase Structure Grammar, Stanford Department of Linguistics and CSLI's LinGO Lab}},
  booktitle = {{Proceedings of the 14th International Conference on Head-Driven Phrase Structure Grammar, Stanford Department of Linguistics and CSLI's LinGO Lab}},
  publisher = {CSLI Publications},
  address   = {Stanford, CA},
  OPTissn   = {15351793},
  url       = {http://cslipublications.stanford.edu/HPSG/2007/},
  year      = {2007},
}

