@proceedings{Mueller2007a-ed,
  editor    = {M{\"u}ller, Stefan},
  title     = {{Proceedings of the 14th International Conference on Head-Driven Phrase Structure Grammar, Stanford Department of Linguistics and CSLI's LinGO Lab}},
  booktitle = {{Proceedings of the 14th International Conference on Head-Driven Phrase Structure Grammar, Stanford Department of Linguistics and CSLI's LinGO Lab}},
  url       = {http://cslipublications.stanford.edu/HPSG/2007/},
  publisher = {CSLI Publications},
  address   = {Stanford, CA},
  OPTissn   = {15351793},
  year      = {2007},
}

@inproceedings{bjerre-bjerre:2007,
  author    = {Bjerre, Anne and Bjerre,  Tavs},
  title     = {Pseudocoordination in Danish},
  booktitle = {{Proceedings of the 14th International Conference on Head-Driven Phrase Structure Grammar, Stanford Department of Linguistics and CSLI's LinGO Lab}},
  editor    = {M{\"u}ller, Stefan},
  OPTissn   = {15351793},
  url       = {http://cslipublications.stanford.edu/HPSG/2007/bjerre-bjerre.pdf},
  publisher = {CSLI Publications},
  address   = {Stanford, CA},
  pages     = {6--24},
  year      = {2007},
}

@inproceedings{bjerre-bjerre:2007-cr,
  crossref  = {Mueller2007a-ed},
  author    = {Bjerre, Anne and Bjerre,  Tavs},
  title     = {Pseudocoordination in Danish},
  url       = {http://cslipublications.stanford.edu/HPSG/2007/bjerre-bjerre.pdf},
  pages     = {6--24},
}

@inproceedings{bonami-godard:2007,
  author    = {Bonami, Olivier and Godard,  Dani\`{e}le},
  title     = {Integrating Linguistic Dimensions: The Scope of Adverbs},
  booktitle = {{Proceedings of the 14th International Conference on Head-Driven Phrase Structure Grammar, Stanford Department of Linguistics and CSLI's LinGO Lab}},
  editor    = {M{\"u}ller, Stefan},
  OPTissn   = {15351793},
  url       = {http://cslipublications.stanford.edu/HPSG/2007/bonami-godard.pdf},
  publisher = {CSLI Publications},
  address   = {Stanford, CA},
  pages     = {25--45},
  year      = {2007},
}

@inproceedings{bonami-godard:2007-cr,
  crossref  = {Mueller2007a-ed},
  author    = {Bonami, Olivier and Godard,  Dani\`{e}le},
  title     = {Integrating Linguistic Dimensions: The Scope of Adverbs},
  url       = {http://cslipublications.stanford.edu/HPSG/2007/bonami-godard.pdf},
  pages     = {25--45},
}

@inproceedings{chaves-paperno:2007,
  author    = {Chaves, Rui P. and Paperno, Denis},
  title     = {On The Russian Hybrid Coordination Construction},
  booktitle = {{Proceedings of the 14th International Conference on Head-Driven Phrase Structure Grammar, Stanford Department of Linguistics and CSLI's LinGO Lab}},
  editor    = {M{\"u}ller, Stefan},
  OPTissn   = {15351793},
  url       = {http://cslipublications.stanford.edu/HPSG/2007/chaves-paperno.pdf},
  publisher = {CSLI Publications},
  address   = {Stanford, CA},
  pages     = {46--64},
  year      = {2007},
}

@inproceedings{chaves-paperno:2007-cr,
  crossref  = {Mueller2007a-ed},
  author    = {Chaves, Rui P. and Paperno, Denis},
  title     = {On The Russian Hybrid Coordination Construction},
  url       = {http://cslipublications.stanford.edu/HPSG/2007/chaves-paperno.pdf},
  pages     = {46--64},
}

@inproceedings{coulter:2007,
  author    = {Coulter, Lori},
  title     = {A Semantic Interpretation of Modality in Counterfactual Conditionals},
  booktitle = {{Proceedings of the 14th International Conference on Head-Driven Phrase Structure Grammar, Stanford Department of Linguistics and CSLI's LinGO Lab}},
  editor    = {M{\"u}ller, Stefan},
  OPTissn   = {15351793},
  url       = {http://cslipublications.stanford.edu/HPSG/2007/coulter.pdf},
  publisher = {CSLI Publications},
  address   = {Stanford, CA},
  pages     = {65--82},
  year      = {2007},
}

@inproceedings{coulter:2007-cr,
  crossref  = {Mueller2007a-ed},
  author    = {Coulter, Lori},
  title     = {A Semantic Interpretation of Modality in Counterfactual Conditionals},
  url       = {http://cslipublications.stanford.edu/HPSG/2007/coulter.pdf},
  pages     = {65--82},
}

@inproceedings{crysmann-vonboeselager:2007,
  author    = {Crysmann, Berthold and von B{\"o}selager, Philipp},
  title     = {Using an HPSG Grammar for the Generation of Prosody},
  booktitle = {{Proceedings of the 14th International Conference on Head-Driven Phrase Structure Grammar, Stanford Department of Linguistics and CSLI's LinGO Lab}},
  editor    = {M{\"u}ller, Stefan},
  OPTissn   = {15351793},
  url       = {http://cslipublications.stanford.edu/HPSG/2007/crysmann-vonboeselager.pdf},
  publisher = {CSLI Publications},
  address   = {Stanford, CA},
  pages     = {83--98},
  year      = {2007},
}

@inproceedings{crysmann-vonboeselager:2007-cr,
  crossref  = {Mueller2007a-ed},
  author    = {Crysmann, Berthold and von B{\"o}selager, Philipp},
  title     = {Using an HPSG Grammar for the Generation of Prosody},
  url       = {http://cslipublications.stanford.edu/HPSG/2007/crysmann-vonboeselager.pdf},
  pages     = {83--98},
}

@inproceedings{khb:2007,
  author    = {Kropp Dakubu, Mary Esther and Hellan,  Lars and Beermann, Dorothee},
  title     = {Verb Sequencing Constraints in Ga:
Serial Verb Constructions and the Extended Verb Complex},
  booktitle = {{Proceedings of the 14th International Conference on Head-Driven Phrase Structure Grammar, Stanford Department of Linguistics and CSLI's LinGO Lab}},
  editor    = {M{\"u}ller, Stefan},
  OPTissn   = {15351793},
  url       = {http://cslipublications.stanford.edu/HPSG/2007/khb.pdf},
  publisher = {CSLI Publications},
  address   = {Stanford, CA},
  pages     = {99--119},
  year      = {2007},
}

@inproceedings{khb:2007-cr,
  crossref  = {Mueller2007a-ed},
  author    = {Kropp Dakubu, Mary Esther and Hellan,  Lars and Beermann, Dorothee},
  title     = {Verb Sequencing Constraints in Ga:
Serial Verb Constructions and the Extended Verb Complex},
  url       = {http://cslipublications.stanford.edu/HPSG/2007/khb.pdf},
  pages     = {99--119},
}

@inproceedings{haugereid:2007,
  author    = {Haugereid, Petter},
  title     = {Decomposed Phrasal Constructions},
  booktitle = {{Proceedings of the 14th International Conference on Head-Driven Phrase Structure Grammar, Stanford Department of Linguistics and CSLI's LinGO Lab}},
  editor    = {M{\"u}ller, Stefan},
  OPTissn   = {15351793},
  url       = {http://cslipublications.stanford.edu/HPSG/2007/haugereid.pdf},
  publisher = {CSLI Publications},
  address   = {Stanford, CA},
  pages     = {120--129},
  year      = {2007},
}

@inproceedings{haugereid:2007-cr,
  crossref  = {Mueller2007a-ed},
  author    = {Haugereid, Petter},
  title     = {Decomposed Phrasal Constructions},
  url       = {http://cslipublications.stanford.edu/HPSG/2007/haugereid.pdf},
  pages     = {120--129},
}

@inproceedings{henri-abeille:2007,
  author    = {Henri, Fabiola and Abeill{\'e}, Anne},
  title     = {The Syntax of Copular Constructions in Mauritian},
  booktitle = {{Proceedings of the 14th International Conference on Head-Driven Phrase Structure Grammar, Stanford Department of Linguistics and CSLI's LinGO Lab}},
  editor    = {M{\"u}ller, Stefan},
  OPTissn   = {15351793},
  url       = {http://cslipublications.stanford.edu/HPSG/2007/henri-abeille.pdf},
  publisher = {CSLI Publications},
  address   = {Stanford, CA},
  pages     = {130--149},
  year      = {2007},
}

@inproceedings{henri-abeille:2007-cr,
  crossref  = {Mueller2007a-ed},
  author    = {Henri, Fabiola and Abeill{\'e}, Anne},
  title     = {The Syntax of Copular Constructions in Mauritian},
  url       = {http://cslipublications.stanford.edu/HPSG/2007/henri-abeille.pdf},
  pages     = {130--149},
}

@inproceedings{kaufmann-pfister:2007,
  author    = {Kaufmann, Tobias and Pfister, Beat},
  title     = {Applying Licenser Rules to a Grammar with Continuous Constituents},
  booktitle = {{Proceedings of the 14th International Conference on Head-Driven Phrase Structure Grammar, Stanford Department of Linguistics and CSLI's LinGO Lab}},
  editor    = {M{\"u}ller, Stefan},
  OPTissn   = {15351793},
  url       = {http://cslipublications.stanford.edu/HPSG/2007/kaufmann-pfister.pdf},
  publisher = {CSLI Publications},
  address   = {Stanford, CA},
  pages     = {150--162},
  year      = {2007},
}

@inproceedings{kaufmann-pfister:2007-cr,
  crossref  = {Mueller2007a-ed},
  author    = {Kaufmann, Tobias and Pfister, Beat},
  title     = {Applying Licenser Rules to a Grammar with Continuous Constituents},
  url       = {http://cslipublications.stanford.edu/HPSG/2007/kaufmann-pfister.pdf},
  pages     = {150--162},
}

@inproceedings{kim-yang:2007,
  author    = {Kim, Jong-Bok and Yang,  Jaehyung},
  title     = {Syntax and Semantics of Korean Numeral Classifier Constructions},
  booktitle = {{Proceedings of the 14th International Conference on Head-Driven Phrase Structure Grammar, Stanford Department of Linguistics and CSLI's LinGO Lab}},
  editor    = {M{\"u}ller, Stefan},
  OPTissn   = {15351793},
  url       = {http://cslipublications.stanford.edu/HPSG/2007/kim-yang.pdf},
  publisher = {CSLI Publications},
  address   = {Stanford, CA},
  pages     = {163--172},
  year      = {2007},
}

@inproceedings{kim-yang:2007-cr,
  crossref  = {Mueller2007a-ed},
  author    = {Kim, Jong-Bok and Yang,  Jaehyung},
  title     = {Syntax and Semantics of Korean Numeral Classifier Constructions},
  url       = {http://cslipublications.stanford.edu/HPSG/2007/kim-yang.pdf},
  pages     = {163--172},
}

@inproceedings{melnik:2007,
  author    = {Melnik, Nurit},
  title     = {Extending Partial Pro-drop in Modern Hebrew: A Comprehensive Analysis},
  booktitle = {{Proceedings of the 14th International Conference on Head-Driven Phrase Structure Grammar, Stanford Department of Linguistics and CSLI's LinGO Lab}},
  editor    = {M{\"u}ller, Stefan},
  OPTissn   = {15351793},
  url       = {http://cslipublications.stanford.edu/HPSG/2007/melnik.pdf},
  publisher = {CSLI Publications},
  address   = {Stanford, CA},
  pages     = {173--193},
  year      = {2007},
}

@inproceedings{melnik:2007-cr,
  crossref  = {Mueller2007a-ed},
  author    = {Melnik, Nurit},
  title     = {Extending Partial Pro-drop in Modern Hebrew: A Comprehensive Analysis},
  url       = {http://cslipublications.stanford.edu/HPSG/2007/melnik.pdf},
  pages     = {173--193},
}

@inproceedings{norcliffe:2007,
  author    = {Norcliffe, Elisabeth},
  title     = {Constructing Spanish Complex Predicates},
  booktitle = {{Proceedings of the 14th International Conference on Head-Driven Phrase Structure Grammar, Stanford Department of Linguistics and CSLI's LinGO Lab}},
  editor    = {M{\"u}ller, Stefan},
  OPTissn   = {15351793},
  url       = {http://cslipublications.stanford.edu/HPSG/2007/norcliffe.pdf},
  publisher = {CSLI Publications},
  address   = {Stanford, CA},
  pages     = {194--213},
  year      = {2007},
}

@inproceedings{norcliffe:2007-cr,
  crossref  = {Mueller2007a-ed},
  author    = {Norcliffe, Elisabeth},
  title     = {Constructing Spanish Complex Predicates},
  url       = {http://cslipublications.stanford.edu/HPSG/2007/norcliffe.pdf},
  pages     = {194--213},
}

@inproceedings{sailer:2007,
  author    = {Sailer, Manfred},
  title     = {NPI Licensing, Intervention and Discourse Representation Structures in HPSG},
  booktitle = {{Proceedings of the 14th International Conference on Head-Driven Phrase Structure Grammar, Stanford Department of Linguistics and CSLI's LinGO Lab}},
  editor    = {M{\"u}ller, Stefan},
  OPTissn   = {15351793},
  url       = {http://cslipublications.stanford.edu/HPSG/2007/sailer.pdf},
  publisher = {CSLI Publications},
  address   = {Stanford, CA},
  pages     = {214--234},
  year      = {2007},
}

@inproceedings{sailer:2007-cr,
  crossref  = {Mueller2007a-ed},
  author    = {Sailer, Manfred},
  title     = {NPI Licensing, Intervention and Discourse Representation Structures in HPSG},
  url       = {http://cslipublications.stanford.edu/HPSG/2007/sailer.pdf},
  pages     = {214--234},
}

@inproceedings{samvelian:2007,
  author    = {Samvelian, Pollet},
  title     = {A Lexical Account of Sorani Kurdish Prepositions},
  booktitle = {{Proceedings of the 14th International Conference on Head-Driven Phrase Structure Grammar, Stanford Department of Linguistics and CSLI's LinGO Lab}},
  editor    = {M{\"u}ller, Stefan},
  OPTissn   = {15351793},
  url       = {http://cslipublications.stanford.edu/HPSG/2007/samvelian.pdf},
  publisher = {CSLI Publications},
  address   = {Stanford, CA},
  pages     = {235--249},
  year      = {2007},
}

@inproceedings{samvelian:2007-cr,
  crossref  = {Mueller2007a-ed},
  author    = {Samvelian, Pollet},
  title     = {A Lexical Account of Sorani Kurdish Prepositions},
  url       = {http://cslipublications.stanford.edu/HPSG/2007/samvelian.pdf},
  pages     = {235--249},
}

@inproceedings{song-choe:2007,
  author    = {Song, Sanghoun and Choe, Jae-Woong},
  title     = {Type Hierarchies for Passive Forms in Korean},
  booktitle = {{Proceedings of the 14th International Conference on Head-Driven Phrase Structure Grammar, Stanford Department of Linguistics and CSLI's LinGO Lab}},
  editor    = {M{\"u}ller, Stefan},
  OPTissn   = {15351793},
  url       = {http://cslipublications.stanford.edu/HPSG/2007/song-choe.pdf},
  publisher = {CSLI Publications},
  address   = {Stanford, CA},
  pages     = {250--270},
  year      = {2007},
}

@inproceedings{song-choe:2007-cr,
  crossref  = {Mueller2007a-ed},
  author    = {Song, Sanghoun and Choe, Jae-Woong},
  title     = {Type Hierarchies for Passive Forms in Korean},
  url       = {http://cslipublications.stanford.edu/HPSG/2007/song-choe.pdf},
  pages     = {250--270},
}

@inproceedings{tseng:2007,
  author    = {Tseng, Jesse},
  title     = {English Prepositional Passive Constructions},
  booktitle = {{Proceedings of the 14th International Conference on Head-Driven Phrase Structure Grammar, Stanford Department of Linguistics and CSLI's LinGO Lab}},
  editor    = {M{\"u}ller, Stefan},
  OPTissn   = {15351793},
  url       = {http://cslipublications.stanford.edu/HPSG/2007/tseng.pdf},
  publisher = {CSLI Publications},
  address   = {Stanford, CA},
  pages     = {271--286},
  year      = {2007},
}

@inproceedings{tseng:2007-cr,
  crossref  = {Mueller2007a-ed},
  author    = {Tseng, Jesse},
  title     = {English Prepositional Passive Constructions},
  url       = {http://cslipublications.stanford.edu/HPSG/2007/tseng.pdf},
  pages     = {271--286},
}

@inproceedings{wang-liu:2007,
  author    = {Wang, Lulu and Liu, Haitao},
  title     = {A Description of Chinese NPs using Head-Driven Phrase Structure Grammar},
  booktitle = {{Proceedings of the 14th International Conference on Head-Driven Phrase Structure Grammar, Stanford Department of Linguistics and CSLI's LinGO Lab}},
  editor    = {M{\"u}ller, Stefan},
  OPTissn   = {15351793},
  url       = {http://cslipublications.stanford.edu/HPSG/2007/wang-liu.pdf},
  publisher = {CSLI Publications},
  address   = {Stanford, CA},
  pages     = {287--305},
  year      = {2007},
}

@inproceedings{wang-liu:2007-cr,
  crossref  = {Mueller2007a-ed},
  author    = {Wang, Lulu and Liu, Haitao},
  title     = {A Description of Chinese NPs using Head-Driven Phrase Structure Grammar},
  url       = {http://cslipublications.stanford.edu/HPSG/2007/wang-liu.pdf},
  pages     = {287--305},
}

@inproceedings{webelhuth:2007,
  author    = {Webelhuth, Gert},
  title     = {Complex Topic-Comment Structures in HPSG},
  booktitle = {{Proceedings of the 14th International Conference on Head-Driven Phrase Structure Grammar, Stanford Department of Linguistics and CSLI's LinGO Lab}},
  editor    = {M{\"u}ller, Stefan},
  OPTissn   = {15351793},
  url       = {http://cslipublications.stanford.edu/HPSG/2007/webelhuth.pdf},
  publisher = {CSLI Publications},
  address   = {Stanford, CA},
  pages     = {306--322},
  year      = {2007},
}

@inproceedings{webelhuth:2007-cr,
  crossref  = {Mueller2007a-ed},
  author    = {Webelhuth, Gert},
  title     = {Complex Topic-Comment Structures in HPSG},
  url       = {http://cslipublications.stanford.edu/HPSG/2007/webelhuth.pdf},
  pages     = {306--322},
}

@inproceedings{yatabe:2007,
  author    = {Yatabe, Sh{\^u}ichi},
  title     = {Evidence for the Linearization-Based Theory of Semantic Composition},
  booktitle = {{Proceedings of the 14th International Conference on Head-Driven Phrase Structure Grammar, Stanford Department of Linguistics and CSLI's LinGO Lab}},
  editor    = {M{\"u}ller, Stefan},
  OPTissn   = {15351793},
  url       = {http://cslipublications.stanford.edu/HPSG/2007/yatabe.pdf},
  publisher = {CSLI Publications},
  address   = {Stanford, CA},
  pages     = {323--343},
  year      = {2007},
}

@inproceedings{yatabe:2007-cr,
  crossref  = {Mueller2007a-ed},
  author    = {Yatabe, Sh{\^u}ichi},
  title     = {Evidence for the Linearization-Based Theory of Semantic Composition},
  url       = {http://cslipublications.stanford.edu/HPSG/2007/yatabe.pdf},
  pages     = {323--343},
}

@inproceedings{francis:2007,
  author    = {Francis, Elaine J.},
  title     = {The Role of Default Constructions in the Processing of Mismatch: the Case of Possessive Free Relatives},
  booktitle = {{Proceedings of the 14th International Conference on Head-Driven Phrase Structure Grammar, Stanford Department of Linguistics and CSLI's LinGO Lab}},
  editor    = {M{\"u}ller, Stefan},
  OPTissn   = {15351793},
  url       = {http://cslipublications.stanford.edu/HPSG/2007/francis.pdf},
  publisher = {CSLI Publications},
  address   = {Stanford, CA},
  pages     = {345--363},
  year      = {2007},
}

@inproceedings{francis:2007-cr,
  crossref  = {Mueller2007a-ed},
  author    = {Francis, Elaine J.},
  title     = {The Role of Default Constructions in the Processing of Mismatch: the Case of Possessive Free Relatives},
  url       = {http://cslipublications.stanford.edu/HPSG/2007/francis.pdf},
  pages     = {345--363},
}

@inproceedings{kim-sells:2007,
  author    = {Kim, Jong-Bok and Sells, Peter},
  title     = {Two Types of Multiple Nominative Construction: A Constructional Approach},
  booktitle = {{Proceedings of the 14th International Conference on Head-Driven Phrase Structure Grammar, Stanford Department of Linguistics and CSLI's LinGO Lab}},
  editor    = {M{\"u}ller, Stefan},
  OPTissn   = {15351793},
  url       = {http://cslipublications.stanford.edu/HPSG/2007/kim-sells.pdf},
  publisher = {CSLI Publications},
  address   = {Stanford, CA},
  pages     = {364--372},
  year      = {2007},
}

@inproceedings{kim-sells:2007-cr,
  crossref  = {Mueller2007a-ed},
  author    = {Kim, Jong-Bok and Sells, Peter},
  title     = {Two Types of Multiple Nominative Construction: A Constructional Approach},
  url       = {http://cslipublications.stanford.edu/HPSG/2007/kim-sells.pdf},
  pages     = {364--372},
}

@inproceedings{mueller:2007,
  author    = {M{\"u}ller, Stefan},
  title     = {Phrasal or Lexical Constructions? Some Comments on Underspecification of Constituent Order, Compositionality, and Control},
  booktitle = {{Proceedings of the 14th International Conference on Head-Driven Phrase Structure Grammar, Stanford Department of Linguistics and CSLI's LinGO Lab}},
  editor    = {M{\"u}ller, Stefan},
  OPTissn   = {15351793},
  url       = {http://cslipublications.stanford.edu/HPSG/2007/mueller.pdf},
  publisher = {CSLI Publications},
  address   = {Stanford, CA},
  pages     = {373--393},
  year      = {2007},
}

@inproceedings{mueller:2007-cr,
  crossref  = {Mueller2007a-ed},
  author    = {M{\"u}ller, Stefan},
  title     = {Phrasal or Lexical Constructions? Some Comments on Underspecification of Constituent Order, Compositionality, and Control},
  url       = {http://cslipublications.stanford.edu/HPSG/2007/mueller.pdf},
  pages     = {373--393},
}

@inproceedings{sag:2007,
  author    = {Sag, Ivan A.},
  title     = {Remarks on Locality},
  booktitle = {{Proceedings of the 14th International Conference on Head-Driven Phrase Structure Grammar, Stanford Department of Linguistics and CSLI's LinGO Lab}},
  editor    = {M{\"u}ller, Stefan},
  OPTissn   = {15351793},
  url       = {http://cslipublications.stanford.edu/HPSG/2007/sag.pdf},
  publisher = {CSLI Publications},
  address   = {Stanford, CA},
  pages     = {394--414},
  year      = {2007},
}

@inproceedings{sag:2007-cr,
  crossref  = {Mueller2007a-ed},
  author    = {Sag, Ivan A.},
  title     = {Remarks on Locality},
  url       = {http://cslipublications.stanford.edu/HPSG/2007/sag.pdf},
  pages     = {394--414},
}

@inproceedings{vaneynde:2007,
  author    = {Van Eynde, Frank},
  title     = {The Big Mess Construction},
  booktitle = {{Proceedings of the 14th International Conference on Head-Driven Phrase Structure Grammar, Stanford Department of Linguistics and CSLI's LinGO Lab}},
  editor    = {M{\"u}ller, Stefan},
  OPTissn   = {15351793},
  url       = {http://cslipublications.stanford.edu/HPSG/2007/vaneynde.pdf},
  publisher = {CSLI Publications},
  address   = {Stanford, CA},
  pages     = {415--433},
  year      = {2007},
}

@inproceedings{vaneynde:2007-cr,
  crossref  = {Mueller2007a-ed},
  author    = {Van Eynde, Frank},
  title     = {The Big Mess Construction},
  url       = {http://cslipublications.stanford.edu/HPSG/2007/vaneynde.pdf},
  pages     = {415--433},
}

