@inproceedings{kaufmann-pfister:2007,
  author    = {Kaufmann, Tobias and Pfister, Beat},
  title     = {Applying Licenser Rules to a Grammar with Continuous Constituents},
  booktitle = {{Proceedings of the 14th International Conference on Head-Driven Phrase Structure Grammar, Stanford Department of Linguistics and CSLI's LinGO Lab}},
  editor    = {M{\"u}ller, Stefan},
  OPTissn   = {15351793},
  url       = {http://cslipublications.stanford.edu/HPSG/2007/kaufmann-pfister.pdf},
  publisher = {CSLI Publications},
  address   = {Stanford, CA},
  pages     = {150--162},
  year      = {2007},
}

@inproceedings{kaufmann-pfister:2007-cr,
  crossref  = {Mueller2007a-ed},
  author    = {Kaufmann, Tobias and Pfister, Beat},
  title     = {Applying Licenser Rules to a Grammar with Continuous Constituents},
  url       = {http://cslipublications.stanford.edu/HPSG/2007/kaufmann-pfister.pdf},
  pages     = {150--162},
}

@proceedings{Mueller2007a-ed,
  editor    = {M{\"u}ller, Stefan},
  title     = {{Proceedings of the 14th International Conference on Head-Driven Phrase Structure Grammar, Stanford Department of Linguistics and CSLI's LinGO Lab}},
  booktitle = {{Proceedings of the 14th International Conference on Head-Driven Phrase Structure Grammar, Stanford Department of Linguistics and CSLI's LinGO Lab}},
  publisher = {CSLI Publications},
  address   = {Stanford, CA},
  OPTissn   = {15351793},
  url       = {http://cslipublications.stanford.edu/HPSG/2007/},
  year      = {2007},
}

