@inproceedings{khb:2007,
  author    = {Kropp Dakubu, Mary Esther and Hellan,  Lars and Beermann, Dorothee},
  title     = {Verb Sequencing Constraints in Ga:
Serial Verb Constructions and the Extended Verb Complex},
  booktitle = {{Proceedings of the 14th International Conference on Head-Driven Phrase Structure Grammar, Stanford Department of Linguistics and CSLI's LinGO Lab}},
  editor    = {M{\"u}ller, Stefan},
  OPTissn   = {15351793},
  url       = {http://cslipublications.stanford.edu/HPSG/2007/khb.pdf},
  publisher = {CSLI Publications},
  address   = {Stanford, CA},
  pages     = {99--119},
  year      = {2007},
}

@inproceedings{khb:2007-cr,
  crossref  = {Mueller2007a-ed},
  author    = {Kropp Dakubu, Mary Esther and Hellan,  Lars and Beermann, Dorothee},
  title     = {Verb Sequencing Constraints in Ga:
Serial Verb Constructions and the Extended Verb Complex},
  url       = {http://cslipublications.stanford.edu/HPSG/2007/khb.pdf},
  pages     = {99--119},
}

@proceedings{Mueller2007a-ed,
  editor    = {M{\"u}ller, Stefan},
  title     = {{Proceedings of the 14th International Conference on Head-Driven Phrase Structure Grammar, Stanford Department of Linguistics and CSLI's LinGO Lab}},
  booktitle = {{Proceedings of the 14th International Conference on Head-Driven Phrase Structure Grammar, Stanford Department of Linguistics and CSLI's LinGO Lab}},
  publisher = {CSLI Publications},
  address   = {Stanford, CA},
  OPTissn   = {15351793},
  url       = {http://cslipublications.stanford.edu/HPSG/2007/},
  year      = {2007},
}

