@inproceedings{kim-sells:2007,
  author    = {Kim, Jong-Bok and Sells, Peter},
  title     = {Two Types of Multiple Nominative Construction: A Constructional Approach},
  booktitle = {{Proceedings of the 14th International Conference on Head-Driven Phrase Structure Grammar, Stanford Department of Linguistics and CSLI's LinGO Lab}},
  editor    = {M{\"u}ller, Stefan},
  OPTissn   = {15351793},
  url       = {http://cslipublications.stanford.edu/HPSG/2007/kim-sells.pdf},
  publisher = {CSLI Publications},
  address   = {Stanford, CA},
  pages     = {364--372},
  year      = {2007},
}

@inproceedings{kim-sells:2007-cr,
  crossref  = {Mueller2007a-ed},
  author    = {Kim, Jong-Bok and Sells, Peter},
  title     = {Two Types of Multiple Nominative Construction: A Constructional Approach},
  url       = {http://cslipublications.stanford.edu/HPSG/2007/kim-sells.pdf},
  pages     = {364--372},
}

@proceedings{Mueller2007a-ed,
  editor    = {M{\"u}ller, Stefan},
  title     = {{Proceedings of the 14th International Conference on Head-Driven Phrase Structure Grammar, Stanford Department of Linguistics and CSLI's LinGO Lab}},
  booktitle = {{Proceedings of the 14th International Conference on Head-Driven Phrase Structure Grammar, Stanford Department of Linguistics and CSLI's LinGO Lab}},
  publisher = {CSLI Publications},
  address   = {Stanford, CA},
  OPTissn   = {15351793},
  url       = {http://cslipublications.stanford.edu/HPSG/2007/},
  year      = {2007},
}

