@inproceedings{melnik:2007,
  author    = {Melnik, Nurit},
  title     = {Extending Partial Pro-drop in Modern Hebrew: A Comprehensive Analysis},
  booktitle = {{Proceedings of the 14th International Conference on Head-Driven Phrase Structure Grammar, Stanford Department of Linguistics and CSLI's LinGO Lab}},
  editor    = {M{\"u}ller, Stefan},
  OPTissn   = {15351793},
  url       = {http://cslipublications.stanford.edu/HPSG/2007/melnik.pdf},
  publisher = {CSLI Publications},
  address   = {Stanford, CA},
  pages     = {173--193},
  year      = {2007},
}

@inproceedings{melnik:2007-cr,
  crossref  = {Mueller2007a-ed},
  author    = {Melnik, Nurit},
  title     = {Extending Partial Pro-drop in Modern Hebrew: A Comprehensive Analysis},
  url       = {http://cslipublications.stanford.edu/HPSG/2007/melnik.pdf},
  pages     = {173--193},
}

@proceedings{Mueller2007a-ed,
  editor    = {M{\"u}ller, Stefan},
  title     = {{Proceedings of the 14th International Conference on Head-Driven Phrase Structure Grammar, Stanford Department of Linguistics and CSLI's LinGO Lab}},
  booktitle = {{Proceedings of the 14th International Conference on Head-Driven Phrase Structure Grammar, Stanford Department of Linguistics and CSLI's LinGO Lab}},
  publisher = {CSLI Publications},
  address   = {Stanford, CA},
  OPTissn   = {15351793},
  url       = {http://cslipublications.stanford.edu/HPSG/2007/},
  year      = {2007},
}

