@inproceedings{norcliffe:2007,
  author    = {Norcliffe, Elisabeth},
  title     = {Constructing Spanish Complex Predicates},
  booktitle = {{Proceedings of the 14th International Conference on Head-Driven Phrase Structure Grammar, Stanford Department of Linguistics and CSLI's LinGO Lab}},
  editor    = {M{\"u}ller, Stefan},
  OPTissn   = {15351793},
  url       = {http://cslipublications.stanford.edu/HPSG/2007/norcliffe.pdf},
  publisher = {CSLI Publications},
  address   = {Stanford, CA},
  pages     = {194--213},
  year      = {2007},
}

@inproceedings{norcliffe:2007-cr,
  crossref  = {Mueller2007a-ed},
  author    = {Norcliffe, Elisabeth},
  title     = {Constructing Spanish Complex Predicates},
  url       = {http://cslipublications.stanford.edu/HPSG/2007/norcliffe.pdf},
  pages     = {194--213},
}

@proceedings{Mueller2007a-ed,
  editor    = {M{\"u}ller, Stefan},
  title     = {{Proceedings of the 14th International Conference on Head-Driven Phrase Structure Grammar, Stanford Department of Linguistics and CSLI's LinGO Lab}},
  booktitle = {{Proceedings of the 14th International Conference on Head-Driven Phrase Structure Grammar, Stanford Department of Linguistics and CSLI's LinGO Lab}},
  publisher = {CSLI Publications},
  address   = {Stanford, CA},
  OPTissn   = {15351793},
  url       = {http://cslipublications.stanford.edu/HPSG/2007/},
  year      = {2007},
}

