@inproceedings{sag:2007,
  author    = {Sag, Ivan A.},
  title     = {Remarks on Locality},
  booktitle = {{Proceedings of the 14th International Conference on Head-Driven Phrase Structure Grammar, Stanford Department of Linguistics and CSLI's LinGO Lab}},
  editor    = {M{\"u}ller, Stefan},
  OPTissn   = {15351793},
  url       = {http://cslipublications.stanford.edu/HPSG/2007/sag.pdf},
  publisher = {CSLI Publications},
  address   = {Stanford, CA},
  pages     = {394--414},
  year      = {2007},
}

@inproceedings{sag:2007-cr,
  crossref  = {Mueller2007a-ed},
  author    = {Sag, Ivan A.},
  title     = {Remarks on Locality},
  url       = {http://cslipublications.stanford.edu/HPSG/2007/sag.pdf},
  pages     = {394--414},
}

@proceedings{Mueller2007a-ed,
  editor    = {M{\"u}ller, Stefan},
  title     = {{Proceedings of the 14th International Conference on Head-Driven Phrase Structure Grammar, Stanford Department of Linguistics and CSLI's LinGO Lab}},
  booktitle = {{Proceedings of the 14th International Conference on Head-Driven Phrase Structure Grammar, Stanford Department of Linguistics and CSLI's LinGO Lab}},
  publisher = {CSLI Publications},
  address   = {Stanford, CA},
  OPTissn   = {15351793},
  url       = {http://cslipublications.stanford.edu/HPSG/2007/},
  year      = {2007},
}

