@inproceedings{sailer:2007,
  author    = {Sailer, Manfred},
  title     = {NPI Licensing, Intervention and Discourse Representation Structures in HPSG},
  booktitle = {{Proceedings of the 14th International Conference on Head-Driven Phrase Structure Grammar, Stanford Department of Linguistics and CSLI's LinGO Lab}},
  editor    = {M{\"u}ller, Stefan},
  OPTissn   = {15351793},
  url       = {http://cslipublications.stanford.edu/HPSG/2007/sailer.pdf},
  publisher = {CSLI Publications},
  address   = {Stanford, CA},
  pages     = {214--234},
  year      = {2007},
}

@inproceedings{sailer:2007-cr,
  crossref  = {Mueller2007a-ed},
  author    = {Sailer, Manfred},
  title     = {NPI Licensing, Intervention and Discourse Representation Structures in HPSG},
  url       = {http://cslipublications.stanford.edu/HPSG/2007/sailer.pdf},
  pages     = {214--234},
}

@proceedings{Mueller2007a-ed,
  editor    = {M{\"u}ller, Stefan},
  title     = {{Proceedings of the 14th International Conference on Head-Driven Phrase Structure Grammar, Stanford Department of Linguistics and CSLI's LinGO Lab}},
  booktitle = {{Proceedings of the 14th International Conference on Head-Driven Phrase Structure Grammar, Stanford Department of Linguistics and CSLI's LinGO Lab}},
  publisher = {CSLI Publications},
  address   = {Stanford, CA},
  OPTissn   = {15351793},
  url       = {http://cslipublications.stanford.edu/HPSG/2007/},
  year      = {2007},
}

