@inproceedings{samvelian:2007,
  author    = {Samvelian, Pollet},
  title     = {A Lexical Account of Sorani Kurdish Prepositions},
  booktitle = {{Proceedings of the 14th International Conference on Head-Driven Phrase Structure Grammar, Stanford Department of Linguistics and CSLI's LinGO Lab}},
  editor    = {M{\"u}ller, Stefan},
  OPTissn   = {15351793},
  url       = {http://cslipublications.stanford.edu/HPSG/2007/samvelian.pdf},
  publisher = {CSLI Publications},
  address   = {Stanford, CA},
  pages     = {235--249},
  year      = {2007},
}

@inproceedings{samvelian:2007-cr,
  crossref  = {Mueller2007a-ed},
  author    = {Samvelian, Pollet},
  title     = {A Lexical Account of Sorani Kurdish Prepositions},
  url       = {http://cslipublications.stanford.edu/HPSG/2007/samvelian.pdf},
  pages     = {235--249},
}

@proceedings{Mueller2007a-ed,
  editor    = {M{\"u}ller, Stefan},
  title     = {{Proceedings of the 14th International Conference on Head-Driven Phrase Structure Grammar, Stanford Department of Linguistics and CSLI's LinGO Lab}},
  booktitle = {{Proceedings of the 14th International Conference on Head-Driven Phrase Structure Grammar, Stanford Department of Linguistics and CSLI's LinGO Lab}},
  publisher = {CSLI Publications},
  address   = {Stanford, CA},
  OPTissn   = {15351793},
  url       = {http://cslipublications.stanford.edu/HPSG/2007/},
  year      = {2007},
}

