@inproceedings{song-choe:2007,
  author    = {Song, Sanghoun and Choe, Jae-Woong},
  title     = {Type Hierarchies for Passive Forms in Korean},
  booktitle = {{Proceedings of the 14th International Conference on Head-Driven Phrase Structure Grammar, Stanford Department of Linguistics and CSLI's LinGO Lab}},
  editor    = {M{\"u}ller, Stefan},
  OPTissn   = {15351793},
  url       = {http://cslipublications.stanford.edu/HPSG/2007/song-choe.pdf},
  publisher = {CSLI Publications},
  address   = {Stanford, CA},
  pages     = {250--270},
  year      = {2007},
}

@inproceedings{song-choe:2007-cr,
  crossref  = {Mueller2007a-ed},
  author    = {Song, Sanghoun and Choe, Jae-Woong},
  title     = {Type Hierarchies for Passive Forms in Korean},
  url       = {http://cslipublications.stanford.edu/HPSG/2007/song-choe.pdf},
  pages     = {250--270},
}

@proceedings{Mueller2007a-ed,
  editor    = {M{\"u}ller, Stefan},
  title     = {{Proceedings of the 14th International Conference on Head-Driven Phrase Structure Grammar, Stanford Department of Linguistics and CSLI's LinGO Lab}},
  booktitle = {{Proceedings of the 14th International Conference on Head-Driven Phrase Structure Grammar, Stanford Department of Linguistics and CSLI's LinGO Lab}},
  publisher = {CSLI Publications},
  address   = {Stanford, CA},
  OPTissn   = {15351793},
  url       = {http://cslipublications.stanford.edu/HPSG/2007/},
  year      = {2007},
}

