@inproceedings{tseng:2007,
  author    = {Tseng, Jesse},
  title     = {English Prepositional Passive Constructions},
  booktitle = {{Proceedings of the 14th International Conference on Head-Driven Phrase Structure Grammar, Stanford Department of Linguistics and CSLI's LinGO Lab}},
  editor    = {M{\"u}ller, Stefan},
  OPTissn   = {15351793},
  url       = {http://cslipublications.stanford.edu/HPSG/2007/tseng.pdf},
  publisher = {CSLI Publications},
  address   = {Stanford, CA},
  pages     = {271--286},
  year      = {2007},
}

@inproceedings{tseng:2007-cr,
  crossref  = {Mueller2007a-ed},
  author    = {Tseng, Jesse},
  title     = {English Prepositional Passive Constructions},
  url       = {http://cslipublications.stanford.edu/HPSG/2007/tseng.pdf},
  pages     = {271--286},
}

@proceedings{Mueller2007a-ed,
  editor    = {M{\"u}ller, Stefan},
  title     = {{Proceedings of the 14th International Conference on Head-Driven Phrase Structure Grammar, Stanford Department of Linguistics and CSLI's LinGO Lab}},
  booktitle = {{Proceedings of the 14th International Conference on Head-Driven Phrase Structure Grammar, Stanford Department of Linguistics and CSLI's LinGO Lab}},
  publisher = {CSLI Publications},
  address   = {Stanford, CA},
  OPTissn   = {15351793},
  url       = {http://cslipublications.stanford.edu/HPSG/2007/},
  year      = {2007},
}

