@inproceedings{wang-liu:2007,
  author    = {Wang, Lulu and Liu, Haitao},
  title     = {A Description of Chinese NPs using Head-Driven Phrase Structure Grammar},
  booktitle = {{Proceedings of the 14th International Conference on Head-Driven Phrase Structure Grammar, Stanford Department of Linguistics and CSLI's LinGO Lab}},
  editor    = {M{\"u}ller, Stefan},
  OPTissn   = {15351793},
  url       = {http://cslipublications.stanford.edu/HPSG/2007/wang-liu.pdf},
  publisher = {CSLI Publications},
  address   = {Stanford, CA},
  pages     = {287--305},
  year      = {2007},
}

@inproceedings{wang-liu:2007-cr,
  crossref  = {Mueller2007a-ed},
  author    = {Wang, Lulu and Liu, Haitao},
  title     = {A Description of Chinese NPs using Head-Driven Phrase Structure Grammar},
  url       = {http://cslipublications.stanford.edu/HPSG/2007/wang-liu.pdf},
  pages     = {287--305},
}

@proceedings{Mueller2007a-ed,
  editor    = {M{\"u}ller, Stefan},
  title     = {{Proceedings of the 14th International Conference on Head-Driven Phrase Structure Grammar, Stanford Department of Linguistics and CSLI's LinGO Lab}},
  booktitle = {{Proceedings of the 14th International Conference on Head-Driven Phrase Structure Grammar, Stanford Department of Linguistics and CSLI's LinGO Lab}},
  publisher = {CSLI Publications},
  address   = {Stanford, CA},
  OPTissn   = {15351793},
  url       = {http://cslipublications.stanford.edu/HPSG/2007/},
  year      = {2007},
}

