@inproceedings{wang-haitao:2007,
  author    = {Wang, Lulu and Haitao, Liu},
  title     = {: A Description of Chinese NPs using Head-Driven Phrase Structure Grammar},
  booktitle = {Proceedings of the 13th International Conference on Head-Driven Phrase Structure Grammar, Stanford Department of Linguistics and CSLI's LinGO Lab},
  editor    = {Stefan M\"{u}ller},
  OPTissn   = {15351793},
  url       = {http://cslipublications.stanford.edu/HPSG/2007/wang-haitao.pdf},
  publisher = {CSLI Publications},
  address   = {Stanford, CA},
  pages     = {266--266},
  year      = {2007},
}

@inproceedings{wang-haitao:2007-cr,
  crossref  = {Mueller2007a-ed},
  author    = {Wang, Lulu and Haitao, Liu},
  title     = {: A Description of Chinese NPs using Head-Driven Phrase Structure Grammar},
  url       = {http://cslipublications.stanford.edu/HPSG/2007/wang-haitao.pdf},
  pages     = {266--266},
}

@proceedings{Mueller2007a-ed,
  editor    = {Stefan M\"{u}ller},
  title     = {Proceedings of the 13th International Conference on Head-Driven Phrase Structure Grammar, Stanford Department of Linguistics and CSLI's LinGO Lab},
  booktitle = {Proceedings of the 13th International Conference on Head-Driven Phrase Structure Grammar, Stanford Department of Linguistics and CSLI's LinGO Lab},
  publisher = {CSLI Publications},
  address   = {Stanford, CA},
  OPTissn   = {15351793},
  url       = {http://cslipublications.stanford.edu/HPSG/2007/},
  year      = {2007},
}

