@inproceedings{webelhuth:2007,
  author    = {Webelhuth, Gert},
  title     = {Complex Topic-Comment Structures in HPSG},
  booktitle = {{Proceedings of the 14th International Conference on Head-Driven Phrase Structure Grammar, Stanford Department of Linguistics and CSLI's LinGO Lab}},
  editor    = {M{\"u}ller, Stefan},
  OPTissn   = {15351793},
  url       = {http://cslipublications.stanford.edu/HPSG/2007/webelhuth.pdf},
  publisher = {CSLI Publications},
  address   = {Stanford, CA},
  pages     = {306--322},
  year      = {2007},
}

@inproceedings{webelhuth:2007-cr,
  crossref  = {Mueller2007a-ed},
  author    = {Webelhuth, Gert},
  title     = {Complex Topic-Comment Structures in HPSG},
  url       = {http://cslipublications.stanford.edu/HPSG/2007/webelhuth.pdf},
  pages     = {306--322},
}

@proceedings{Mueller2007a-ed,
  editor    = {M{\"u}ller, Stefan},
  title     = {{Proceedings of the 14th International Conference on Head-Driven Phrase Structure Grammar, Stanford Department of Linguistics and CSLI's LinGO Lab}},
  booktitle = {{Proceedings of the 14th International Conference on Head-Driven Phrase Structure Grammar, Stanford Department of Linguistics and CSLI's LinGO Lab}},
  publisher = {CSLI Publications},
  address   = {Stanford, CA},
  OPTissn   = {15351793},
  url       = {http://cslipublications.stanford.edu/HPSG/2007/},
  year      = {2007},
}

