@inproceedings{yatabe:2007,
  author    = {Yatabe, Sh{\^u}ichi},
  title     = {Evidence for the Linearization-Based Theory of Semantic Composition},
  booktitle = {{Proceedings of the 14th International Conference on Head-Driven Phrase Structure Grammar, Stanford Department of Linguistics and CSLI's LinGO Lab}},
  editor    = {M{\"u}ller, Stefan},
  OPTissn   = {15351793},
  url       = {http://cslipublications.stanford.edu/HPSG/2007/yatabe.pdf},
  publisher = {CSLI Publications},
  address   = {Stanford, CA},
  pages     = {323--343},
  year      = {2007},
}

@inproceedings{yatabe:2007-cr,
  crossref  = {Mueller2007a-ed},
  author    = {Yatabe, Sh{\^u}ichi},
  title     = {Evidence for the Linearization-Based Theory of Semantic Composition},
  url       = {http://cslipublications.stanford.edu/HPSG/2007/yatabe.pdf},
  pages     = {323--343},
}

@proceedings{Mueller2007a-ed,
  editor    = {M{\"u}ller, Stefan},
  title     = {{Proceedings of the 14th International Conference on Head-Driven Phrase Structure Grammar, Stanford Department of Linguistics and CSLI's LinGO Lab}},
  booktitle = {{Proceedings of the 14th International Conference on Head-Driven Phrase Structure Grammar, Stanford Department of Linguistics and CSLI's LinGO Lab}},
  publisher = {CSLI Publications},
  address   = {Stanford, CA},
  OPTissn   = {15351793},
  url       = {http://cslipublications.stanford.edu/HPSG/2007/},
  year      = {2007},
}

