@Proceedings{Mueller2009a-ed,
  editor      =	{Stefan M{\"u}ller},
  title	      =	{Proceedings of the 16th International Conference on Head-Driven Phrase Structure Grammar, University of G{\"o}ttingen, Germany},
  booktitle   =	{Proceedings of the 16th International Conference on Head-Driven Phrase Structure Grammar, University of G{\"o}ttingen, Germany},
  address     =	{Stanford},
  publisher   =	{CSLI Publications},
  url         = {http://cslipublications.stanford.edu/HPSG/2009/},
  url_checked = {31.10.2009},
  year	      =	{2009},
}


@InProceedings{Bilbiie:Laurens:2009a-cr,
  crossref    = {Mueller2009a-ed},
  author      = {Gabriela Bîlbîie and  Frédéric Laurens},
  title       = {A Construction-based Analysis of Verbless Relative Adjuncts in French and Romanian},
  pages       = {5--25},
}


@InProceedings{Bilbiie:Laurens:2009a,
  author      = {Gabriela Bîlbîie and  Frédéric Laurens},
  title       = {A Construction-based Analysis of Verbless Relative Adjuncts in French and Romanian},
  booktitle   =	{Proceedings of the 16th International Conference on Head-Driven Phrase Structure Grammar, University of G{\"o}ttingen, Germany},
  address     =	{Stanford},
  publisher   =	{CSLI Publications},
  url         = {http://cslipublications.stanford.edu/HPSG/2009/},
  url_checked = {31.10.2009},
  pages       = {5--25}, 
  year	      =	2009
}


@InProceedings{Bonami:Samvelian:2009a-cr,
  crossref    = {Mueller2009a-ed},
  author      = {Olivier Bonami and Pollet Samvelian},
  title       = {Inflectional periphrasis in Persian},
  pages       = {26--46},
}


@InProceedings{Bonami:Samvelian:2009a,
  author      = {Olivier Bonami and Pollet Samvelian},
  title       = {Inflectional periphrasis in Persian},
  booktitle   =	{Proceedings of the 16th International Conference on Head-Driven Phrase Structure Grammar, University of G{\"o}ttingen, Germany},
  address     =	{Stanford},
  publisher   =	{CSLI Publications},
  url         = {http://cslipublications.stanford.edu/HPSG/2009/},
  url_checked = {31.10.2009},
  pages       = {26--46}, 
  year	      =	2009
}


@InProceedings{Chaves:2009a-cr,
  crossref    = {Mueller2009a-ed},
  author      = {Rui P. Chaves},
  title       = {Construction-based Cumulation and Adjunct Extraction},
  pages       = {47--67},
}


@InProceedings{Chaves:2009a,
  author      = {Rui P. Chaves},
  title       = {Construction-based Cumulation and Adjunct Extraction},
  booktitle   =	{Proceedings of the 16th International Conference on Head-Driven Phrase Structure Grammar, University of G{\"o}ttingen, Germany},
  address     =	{Stanford},
  publisher   =	{CSLI Publications},
  url         = {http://cslipublications.stanford.edu/HPSG/2009/},
  url_checked = {31.10.2009},
  pages       = {47--67}, 
  year	      =	2009
}


@InProceedings{Crysmann:2009a-cr,
  crossref    = {Mueller2009a-ed},
  author      = {Berthold Crysmann},
  title       = {Deriving Superficial Ergativity in Nias},
  pages       = {68--88},
}


@InProceedings{Crysmann:2009a,
  author      = {Berthold Crysmann},
  title       = {Deriving Superficial Ergativity in Nias},
  booktitle   =	{Proceedings of the 16th International Conference on Head-Driven Phrase Structure Grammar, University of G{\"o}ttingen, Germany},
  address     =	{Stanford},
  publisher   =	{CSLI Publications},
  url         = {http://cslipublications.stanford.edu/HPSG/2009/},
  url_checked = {31.10.2009},
  pages       = {68--88}, 
  year	      =	2009
}


@InProceedings{Desmets:Villoing:2009a-cr,
  crossref    = {Mueller2009a-ed},
  author      = {Marianne Desmets and Florence Villoing},
  title       = {French VN lexemes: morphological compounding in HPSG},
  pages       = {89--109},
}


@InProceedings{Desmets:Villoing:2009a,
  author      = {Marianne Desmets and Florence Villoing},
  title       = {French VN lexemes: morphological compounding in HPSG},
  booktitle   =	{Proceedings of the 16th International Conference on Head-Driven Phrase Structure Grammar, University of G{\"o}ttingen, Germany},
  address     =	{Stanford},
  publisher   =	{CSLI Publications},
  url         = {http://cslipublications.stanford.edu/HPSG/2009/},
  url_checked = {31.10.2009},
  pages       = {89--109}, 
  year	      =	2009
}


@InProceedings{Fokkens:Poulson:Bender:2009a-cr,
  crossref    = {Mueller2009a-ed},
  author      = {Antske Fokkens and Laurie Poulson and Emily M. Bender},
  title       = {Inflectional Morphology in {Turkish} {VP} Coordination},
  pages       = {110--130},
}


@InProceedings{Fokkens:Poulson:Bender:2009a,
  author      = {Antske Fokkens and Laurie Poulson and Emily M. Bender},
  title       = {Inflectional Morphology in {Turkish} {VP} Coordination},
  booktitle   =	{Proceedings of the 16th International Conference on Head-Driven Phrase Structure Grammar, University of G{\"o}ttingen, Germany},
  address     =	{Stanford},
  publisher   =	{CSLI Publications},
  url         = {http://cslipublications.stanford.edu/HPSG/2009/},
  url_checked = {31.10.2009},
  pages       = {110--130}, 
  year	      =	2009
}


@InProceedings{Holler:2009a-cr,
  crossref    = {Mueller2009a-ed},
  author      = {Anke Holler},
  title       = {Towards an analysis of the adverbial use of German interrogative was (`what')},
  pages       = {131--149},
}


@InProceedings{Holler:2009a,
  author      = {Anke Holler},
  title       = {Towards an analysis of the adverbial use of German interrogative was (`what')},
  booktitle   =	{Proceedings of the 16th International Conference on Head-Driven Phrase Structure Grammar, University of G{\"o}ttingen, Germany},
  address     =	{Stanford},
  publisher   =	{CSLI Publications},
  url         = {http://cslipublications.stanford.edu/HPSG/2009/},
  url_checked = {31.10.2009},
  pages       = {131--149}, 
  year	      =	2009
}


@InProceedings{Iordachioaia:Richter:2009a-cr,
  crossref    = {Mueller2009a-ed},
  author      = {Gianina Iord\u{a}chioaia and Frank Richter},
  title       = {Negative Concord in Romanian as Polyadic Quantification},
  pages       = {150--170},
}


@InProceedings{Iordachioaia:Richter:2009a,
  author      = {Gianina Iord\u{a}chioaia and Frank Richter},
  title       = {Negative Concord in Romanian as Polyadic Quantification},
  booktitle   =	{Proceedings of the 16th International Conference on Head-Driven Phrase Structure Grammar, University of G{\"o}ttingen, Germany},
  address     =	{Stanford},
  publisher   =	{CSLI Publications},
  url         = {http://cslipublications.stanford.edu/HPSG/2009/},
  url_checked = {31.10.2009},
  pages       = {150--170}, 
  year	      =	2009
}


@InProceedings{Kay:Sag:2009a-cr,
  crossref    = {Mueller2009a-ed},
  author      = {Paul Kay and Ivan A. Sag},
  title       = {How Hard a Problem Would This Be to Solve?},
  pages       = {171--191},
}


@InProceedings{Kay:Sag::2009a,
  author      = {Paul Kay and Ivan A. Sag},
  title       = {How Hard a Problem Would This Be to Solve?},
  booktitle   =	{Proceedings of the 16th International Conference on Head-Driven Phrase Structure Grammar, University of G{\"o}ttingen, Germany},
  address     =	{Stanford},
  publisher   =	{CSLI Publications},
  url         = {http://cslipublications.stanford.edu/HPSG/2009/},
  url_checked = {31.10.2009},
  pages       = {171--191}, 
  year	      =	2009
}

@InProceedings{Lahm:2009a-cr,
  crossref    = {Mueller2009a-ed},
  author      = {David Lahm},
  title       = {An Alternative to the HPSG Raising principle on the description level},
  pages       = {192--212},
}


@InProceedings{Lahm:2009a,
  author      = {David Lahm},
  title       = {An Alternative to the HPSG Raising principle on the description level},
  booktitle   =	{Proceedings of the 16th International Conference on Head-Driven Phrase Structure Grammar, University of G{\"o}ttingen, Germany},
  address     =	{Stanford},
  publisher   =	{CSLI Publications},
  url         = {http://cslipublications.stanford.edu/HPSG/2009/},
  url_checked = {31.10.2009},
  pages       = {192--212}, 
  year	      =	2009
}
@InProceedings{Mueller:2009a-cr,
  crossref    = {Mueller2009a-ed},
  author      = {Stefan M{\"u}ller},
  title       = {On Predication},
  pages       = {213--233},
}


@InProceedings{Mueller:2009a,
  author      = {Stefan M{\"u}ller},
  title       = {On Predication},
  booktitle   =	{Proceedings of the 16th International Conference on Head-Driven Phrase Structure Grammar, University of G{\"o}ttingen, Germany},
  address     =	{Stanford},
  publisher   =	{CSLI Publications},
  url         = {http://cslipublications.stanford.edu/HPSG/2009/},
  url_checked = {31.10.2009},
  pages       = {213--233}, 
  year	      =	2009
}


@InProceedings{Mueller:Lipenkova:2009a-cr,
  crossref    = {Mueller2009a-ed},
  author      = {Stefan M{\"u}ller and Janna Lipenkova},
  title       = {Serial Verb Constructions in Chinese: A HPSG Account},
  pages       = {234--254},
}


@InProceedings{Mueller:Lipenkova:2009a,
  author      = {Stefan M{\"u}ller and Janna Lipenkova},
  title       = {Serial Verb Constructions in Chinese: A HPSG Account},
  booktitle   =	{Proceedings of the 16th International Conference on Head-Driven Phrase Structure Grammar, University of G{\"o}ttingen, Germany},
  address     =	{Stanford},
  publisher   =	{CSLI Publications},
  url         = {http://cslipublications.stanford.edu/HPSG/2009/},
  url_checked = {31.10.2009},
  pages       = {234--254}, 
  year	      =	2009
}


@InProceedings{Oersnes:2009a-cr,
  crossref    = {Mueller2009a-ed},
  author      = {Bjarne rsnes},
  title       = {Preposed Negation in Danish},
  pages       = {255--275},
}


@InProceedings{Oersnes:2009a,
  author      = {Bjarne {\O}rsnes},
  title       = {Preposed Negation in Danish},
  booktitle   =	{Proceedings of the 16th International Conference on Head-Driven Phrase Structure Grammar, University of G{\"o}ttingen, Germany},
  address     =	{Stanford},
  publisher   =	{CSLI Publications},
  url         = {http://cslipublications.stanford.edu/HPSG/2009/},
  url_checked = {31.10.2009},
  pages       = {255--275}, 
  year	      =	2009
}


@InProceedings{Poornima:Koenig:2009a-cr,
  crossref    = {Mueller2009a-ed},
  author      = {Shakthi Poornima and Jean-Pierre Koenig},
  title       = {Hindi Aspectual Complex Predicates},
  pages       = {276--296},
}


@InProceedings{Poornima:Koenig:2009a,
  author      = {Shakthi Poornima and Jean-Pierre Koenig},
  title       = {Hindi Aspectual Complex Predicates},
  booktitle   =	{Proceedings of the 16th International Conference on Head-Driven Phrase Structure Grammar, University of G{\"o}ttingen, Germany},
  address     =	{Stanford},
  publisher   =	{CSLI Publications},
  url         = {http://cslipublications.stanford.edu/HPSG/2009/},
  url_checked = {31.10.2009},
  pages       = {276--296}, 
  year	      =	2009
}


@InProceedings{Richter:Sailer:2009a-cr,
  crossref    = {Mueller2009a-ed},
  author      = {Frank Richter and Manfred Sailer},
  title       = {Phraseological Clauses in Constructional HPSG},
  pages       = {297--317},
}


@InProceedings{Richter:Sailer:2009a,
  author      = {Frank Richter and Manfred Sailer},
  title       = {Phraseological Clauses in Constructional HPSG},
  booktitle   =	{Proceedings of the 16th International Conference on Head-Driven Phrase Structure Grammar, University of G{\"o}ttingen, Germany},
  address     =	{Stanford},
  publisher   =	{CSLI Publications},
  url         = {http://cslipublications.stanford.edu/HPSG/2009/},
  url_checked = {31.10.2009},
  pages       = {297--317}, 
  year	      =	2009
}


@InProceedings{Skwarski:2009a-cr,
  crossref    = {Mueller2009a-ed},
  author      = {Filip Skwarski},
  title       = {Accounting for Underlying Forms in HPSG Phonology},
  pages       = {318--337},
}


@InProceedings{Skwarski:2009a,
  author      = {Filip Skwarski},
  title       = {Accounting for Underlying Forms in HPSG Phonology},
  booktitle   =	{Proceedings of the 16th International Conference on Head-Driven Phrase Structure Grammar, University of G{\"o}ttingen, Germany},
  address     =	{Stanford},
  publisher   =	{CSLI Publications},
  url         = {http://cslipublications.stanford.edu/HPSG/2009/},
  url_checked = {31.10.2009},
  pages       = {318--337}, 
  year	      =	2009
}


@InProceedings{Tseng:2009a-cr,
  crossref    = {Mueller2009a-ed},
  author      = {Jesse Tseng},
  title       = {Phonological change and grammaticalization in HPSG: The case of French final consonants},
  pages       = {338--358},
}


@InProceedings{Tseng:2009a,
  author      = {Jesse Tseng},
  title       = {Phonological change and grammaticalization in HPSG: The case of French final consonants},
  booktitle   =	{Proceedings of the 16th International Conference on Head-Driven Phrase Structure Grammar, University of G{\"o}ttingen, Germany},
  address     =	{Stanford},
  publisher   =	{CSLI Publications},
  url         = {http://cslipublications.stanford.edu/HPSG/2009/},
  url_checked = {31.10.2009},
  pages       = {338--358}, 
  year	      =	2009
}


@InProceedings{VanEynde:2009a-cr,
  crossref    = {Mueller2009a-ed},
  author      = {Frank {Van Eynde}},
  title       = {On the copula: from a Fregean to a Montagovian treatment},
  pages       = {359--375},
}


@InProceedings{VanEynde:2009a,
  author      = {Frank {Van Eynde}},
  title       = {On the copula: from a Fregean to a Montagovian treatment},
  booktitle   =	{Proceedings of the 16th International Conference on Head-Driven Phrase Structure Grammar, University of G{\"o}ttingen, Germany},
  address     =	{Stanford},
  publisher   =	{CSLI Publications},
  url         = {http://cslipublications.stanford.edu/HPSG/2009/},
  url_checked = {31.10.2009},
  pages       = {359--375}, 
  year	      =	2009
}
