@inproceedings{abeille-godard:2003,
  author    = {Abeill{\'e}, Anne and Godard, Dani\`{e}le},
  title     = {The Syntactic Flexibility of Adverbs: French Degree Adverbs},
  booktitle = {{Proceedings of the 10th International Conference on Head-Driven Phrase Structure Grammar, Michigan State University}},
  editor    = {M{\"u}ller, Stefan},
  OPTissn   = {15351793},
  url       = {http://cslipublications.stanford.edu/HPSG/2003/abeille-godard.pdf},
  publisher = {CSLI Publications},
  address   = {Stanford, CA},
  pages     = {26--46},
  year      = {2003},
}

@inproceedings{abeille-godard:2003-cr,
  crossref  = {Mueller2003a-ed},
  author    = {Abeill{\'e}, Anne and Godard, Dani\`{e}le},
  title     = {The Syntactic Flexibility of Adverbs: French Degree Adverbs},
  url       = {http://cslipublications.stanford.edu/HPSG/2003/abeille-godard.pdf},
  pages     = {26--46},
}

@proceedings{Mueller2003a-ed,
  editor    = {M{\"u}ller, Stefan},
  title     = {{Proceedings of the 10th International Conference on Head-Driven Phrase Structure Grammar, Michigan State University}},
  booktitle = {{Proceedings of the 10th International Conference on Head-Driven Phrase Structure Grammar, Michigan State University}},
  publisher = {CSLI Publications},
  address   = {Stanford, CA},
  OPTissn   = {15351793},
  url       = {http://cslipublications.stanford.edu/HPSG/2003/},
  year      = {2003},
}

