@inproceedings{beavers:2003,
  author    = {Beavers, John},
  title     = {More Heads and Less Categories: A New Look at Noun Phrase Structure},
  booktitle = {{Proceedings of the 10th International Conference on Head-Driven Phrase Structure Grammar, Michigan State University}},
  editor    = {M{\"u}ller, Stefan},
  OPTissn   = {15351793},
  url       = {http://cslipublications.stanford.edu/HPSG/2003/beavers.pdf},
  publisher = {CSLI Publications},
  address   = {Stanford, CA},
  pages     = {47--67},
  year      = {2003},
}

@inproceedings{beavers:2003-cr,
  crossref  = {Mueller2003a-ed},
  author    = {Beavers, John},
  title     = {More Heads and Less Categories: A New Look at Noun Phrase Structure},
  url       = {http://cslipublications.stanford.edu/HPSG/2003/beavers.pdf},
  pages     = {47--67},
}

@proceedings{Mueller2003a-ed,
  editor    = {M{\"u}ller, Stefan},
  title     = {{Proceedings of the 10th International Conference on Head-Driven Phrase Structure Grammar, Michigan State University}},
  booktitle = {{Proceedings of the 10th International Conference on Head-Driven Phrase Structure Grammar, Michigan State University}},
  publisher = {CSLI Publications},
  address   = {Stanford, CA},
  OPTissn   = {15351793},
  url       = {http://cslipublications.stanford.edu/HPSG/2003/},
  year      = {2003},
}

