@inproceedings{choi-wechsler:2003,
  author    = {Choi, Incheol  and Wechsler, Stephen},
  title     = {The Korean Dative},
  booktitle = {Proceedings of the 10th International Conference on Head-Driven Phrase Structure Grammar, Michigan State University},
  editor    = {Stefan M{\"u}ller},
  OPTissn   = {15351793},
  url       = {http://cslipublications.stanford.edu/HPSG/2003/choi-wechsler.pdf},
  pages     = {72--72},
  year      = {2003},
}

@inproceedings{choi-wechsler:2003-cr,
  crossref  = {Mueller2003a-ed},
  author    = {Choi, Incheol  and Wechsler, Stephen},
  title     = {The Korean Dative},
  url       = {http://cslipublications.stanford.edu/HPSG/2003/choi-wechsler.pdf},
  pages     = {72--72},
}

@proceedings{Mueller2003a-ed,
  editor    = {Stefan M{\"u}ller},
  title     = {Proceedings of the 10th International Conference on Head-Driven Phrase Structure Grammar, Michigan State University},
  booktitle = {Proceedings of the 10th International Conference on Head-Driven Phrase Structure Grammar, Michigan State University},
  OPTissn   = {15351793},
  url       = {http://cslipublications.stanford.edu/HPSG/2003/},
  year      = {2003},
}

