@inproceedings{dekuthy-meurers-2:2003,
  author    = {De Kuthy, Kordula and Meurers, W. Detmar},
  title     = {The Secret Life of Focus Exponents, and What it Tells Us about Fronted Verbal Projections},
  booktitle = {{Proceedings of the 10th International Conference on Head-Driven Phrase Structure Grammar, Michigan State University}},
  editor    = {M{\"u}ller, Stefan},
  OPTissn   = {15351793},
  url       = {http://cslipublications.stanford.edu/HPSG/2003/dekuthy-meurers-2.pdf},
  publisher = {CSLI Publications},
  address   = {Stanford, CA},
  pages     = {97--110},
  year      = {2003},
}

@inproceedings{dekuthy-meurers-2:2003-cr,
  crossref  = {Mueller2003a-ed},
  author    = {De Kuthy, Kordula and Meurers, W. Detmar},
  title     = {The Secret Life of Focus Exponents, and What it Tells Us about Fronted Verbal Projections},
  url       = {http://cslipublications.stanford.edu/HPSG/2003/dekuthy-meurers-2.pdf},
  pages     = {97--110},
}

@proceedings{Mueller2003a-ed,
  editor    = {M{\"u}ller, Stefan},
  title     = {{Proceedings of the 10th International Conference on Head-Driven Phrase Structure Grammar, Michigan State University}},
  booktitle = {{Proceedings of the 10th International Conference on Head-Driven Phrase Structure Grammar, Michigan State University}},
  publisher = {CSLI Publications},
  address   = {Stanford, CA},
  OPTissn   = {15351793},
  url       = {http://cslipublications.stanford.edu/HPSG/2003/},
  year      = {2003},
}

