@inproceedings{gundel:2003,
  author    = {Gundel, Jeanette},
  title     = {Information Structure and Referential Givenness/Newness: How Much Belongs in the Grammar?},
  booktitle = {{Proceedings of the 10th International Conference on Head-Driven Phrase Structure Grammar, Michigan State University}},
  editor    = {M{\"u}ller, Stefan},
  OPTissn   = {15351793},
  url       = {http://cslipublications.stanford.edu/HPSG/2003/gundel.pdf},
  publisher = {CSLI Publications},
  address   = {Stanford, CA},
  pages     = {122--142},
  year      = {2003},
}

@inproceedings{gundel:2003-cr,
  crossref  = {Mueller2003a-ed},
  author    = {Gundel, Jeanette},
  title     = {Information Structure and Referential Givenness/Newness: How Much Belongs in the Grammar?},
  url       = {http://cslipublications.stanford.edu/HPSG/2003/gundel.pdf},
  pages     = {122--142},
}

@proceedings{Mueller2003a-ed,
  editor    = {M{\"u}ller, Stefan},
  title     = {{Proceedings of the 10th International Conference on Head-Driven Phrase Structure Grammar, Michigan State University}},
  booktitle = {{Proceedings of the 10th International Conference on Head-Driven Phrase Structure Grammar, Michigan State University}},
  publisher = {CSLI Publications},
  address   = {Stanford, CA},
  OPTissn   = {15351793},
  url       = {http://cslipublications.stanford.edu/HPSG/2003/},
  year      = {2003},
}

