@inproceedings{haji-abdolhosseini:2003,
  author    = {Haji-Abdolhosseini, Mohammad},
  title     = {Constraint-Based Approach to Information Structure and Prosody Correspondence},
  booktitle = {{Proceedings of the 10th International Conference on Head-Driven Phrase Structure Grammar, Michigan State University}},
  editor    = {M{\"u}ller, Stefan},
  OPTissn   = {15351793},
  url       = {http://cslipublications.stanford.edu/HPSG/2003/haji-abdolhosseini.pdf},
  publisher = {CSLI Publications},
  address   = {Stanford, CA},
  pages     = {143--162},
  year      = {2003},
}

@inproceedings{haji-abdolhosseini:2003-cr,
  crossref  = {Mueller2003a-ed},
  author    = {Haji-Abdolhosseini, Mohammad},
  title     = {Constraint-Based Approach to Information Structure and Prosody Correspondence},
  url       = {http://cslipublications.stanford.edu/HPSG/2003/haji-abdolhosseini.pdf},
  pages     = {143--162},
}

@proceedings{Mueller2003a-ed,
  editor    = {M{\"u}ller, Stefan},
  title     = {{Proceedings of the 10th International Conference on Head-Driven Phrase Structure Grammar, Michigan State University}},
  booktitle = {{Proceedings of the 10th International Conference on Head-Driven Phrase Structure Grammar, Michigan State University}},
  publisher = {CSLI Publications},
  address   = {Stanford, CA},
  OPTissn   = {15351793},
  url       = {http://cslipublications.stanford.edu/HPSG/2003/},
  year      = {2003},
}

