% For entries without crossref see below.

@inproceedings{Abeille2003a,
  crossref = {Mueller2003a-ed},
  author   = {Anne Abeill{\'e}},
  title    = {A Lexicon- and Construction-Based Approach to Coordinations},
  pages = {5--25}
}

@inproceedings{AG2003a,
  crossref = {Mueller2003a-ed},
  author   = {Anne Abeill{\'e} and Dani{\`e}le Godard},
  title    = {The Syntactic Flexibility of Adverbs: {French} Degree Adverbs},
  pages = {26--46}
}

@inproceedings{Beavers2003a,
  crossref = {Mueller2003a-ed},
  author   = {John Beavers},
  title    = {More Heads and Less Categories: A New Look at Noun Phrase Structure},
  pages = {47--67}
}


@inproceedings{CK2003a,
  crossref = {Mueller2003a-ed},
  author   = {Chan Chung and Jong-Bok Kim},
  title    = {Capturing Word Order Asymmetries in {English} Left-Peripheral Constructions: A Domain-Based Approach},
  pages = {68--87}
}

@inproceedings{dKM2003a,
  crossref = {Mueller2003a-ed},
  author   = {Kordula De Kuthy and Walt Detmar Meurers},
  title    = {Dealing with Optional Complements in HPSG-Based Grammar Implementations},
  pages = {88--96}
}

@inproceedings{dKM2003b,
  crossref = {Mueller2003a-ed},
  author   = {Kordula De Kuthy and Walt Detmar Meurers},
  title    = {The Secret Life of Focus Exponents, and What it Tells Us about Fronted Verbal Projections},
  pages = {97--110}
}

@inproceedings{FB2003a,
  crossref = {Mueller2003a-ed},
  author   = {Dan Flickinger and Francis Bond},
  title    = {A Two-Rule Analysis of Measure Noun Phrases},
  pages = {111--121}
}

@inproceedings{Gundel2003a,
  crossref = {Mueller2003a-ed},
  author   = {Jeanette Gundel},
  title    = {Information Structure and Referential Givenness/Newness: How Much Belongs in the Grammar?},
  pages = {122--142}
}

@inproceedings{Haji-Abdolhosseini2003a,
  crossref = {Mueller2003a-ed},
  author   = {Mohammad Haji-Abdolhosseini},
  title    = {A Constraint-Based Approach to Information Structure and Prosody Correspondence},
  pages = {143--162}
}

@inproceedings{Holler2003a,
  crossref = {Mueller2003a-ed},
  author   = {Anke Holler},
  title    = {An {HPSG} Analysis of the Non-Integrated Wh-Relative Clauses in {German}},
  pages = {163--180}
}

@inproceedings{Jaeger2003a,
  crossref = {Mueller2003a-ed},
  author   = {Florian Jaeger},
  title    = {Topics First! In- and Outside of Bulgarian Wh-Interrogatives},
  pages = {181--202}
}

@inproceedings{Kathol2003a,
  crossref = {Mueller2003a-ed},
  author   = {Andreas Kathol},
  title    = {Cooperating Constructions in {Lai} ``Lexical Insertion''},
  pages = {203--221}
}


@inproceedings{KD2003a,
  crossref = {Mueller2003a-ed},
  author   = {Jean-Pierre Koenig and Anthony Davis},
  title    = {Semantically Transparent Linking in {HPSG}},
  pages = {222--235}
}

@inproceedings{LS2003a,
  crossref = {Mueller2003a-ed},
  author   = {Robert D. Levine and Ivan A. Sag},
  title    = {Some Empirical Issues in the Grammar of Extraction},
  pages = {236--256}
}

@inproceedings{LO2003a,
  crossref = {Mueller2003a-ed},
  author   = {Roger Levy and David Yoshikazu Oshima},
  title    = {Non-Transitive Information Flow in Japanese Noun-Classifier Matching},
  pages = {257--277}
}

@inproceedings{Mueller2003a,
  crossref = {Mueller2003a-ed},
  author   = {Stefan M{\"u}ller},
  title	   = {Object"=To"=Subject"=Raising and Lexical Rule. An Analysis of the {German} Passive},
  pages = {278--297}
}

@inproceedings{PK2003a,
  crossref = {Mueller2003a-ed},
  author   = {Luis Paris and Jean-Pierre Koenig},
  title    = {What Does It Mean to Be a Complement?},
  pages    = {298--317},
}

@inproceedings{PH2003a,
  crossref = {Mueller2003a-ed},
  author   = {Gerald Penn and Kenneth Hoetmer},
  title    = {In Search of Epistemic Primitives in the {English Resource Grammar} (or Why {HPSG} Can't Live without Higher-Order Datatypes)},
  pages = {318--337}
}

@inproceedings{PG2003a,
  crossref = {Mueller2003a-ed},
  author   = {Matthew Purver and Jonathan Ginzburg},
  title    = {Clarifying Noun Phrase Semantics in {HPSG}},
  pages = {338--358}
}

@inproceedings{RA2003a,
  crossref = {Mueller2003a-ed},
  author   = {Jeffrey T. Runner and Raul Aranovich},
  title    = {Noun Incorporation and Rule Interaction in the Lexicon},
  pages = {359--379}
}

@inproceedings{2003a,
  crossref = {Mueller2003a-ed},
  author   = {David Schlangen and Alex Lascarides},
  title    = {A Compositional and Constraint-Based Approach to Non-Sentential Utterances},
  pages = {380--390}
}

@inproceedings{vanEynde2003a,
  crossref = {Mueller2003a-ed},
  author   = {Frank Van Eynde},
  title    = {On the Notion `Determiner'},
  pages = {391--396}
}

@inproceedings{Yoo2003a,
  crossref = {Mueller2003a-ed},
  author   = {Eun-Jung Yoo},
  title    = {Specificational Pseudoclefts in {English}},
  pages = {397--416}
}


@Proceedings{Mueller2003a-ed,
  editor      =	{Stefan M{\"u}ller},
  title	      =	{Proceedings of the HPSG-2003 Conference, Michigan State University, East Lansing},
  booktitle   =	{Proceedings of the HPSG-2003 Conference, Michigan State University, East Lansing},
  address     = {Stanford},
  publisher   =	{CSLI Publications},
  note	      =	{\url{http://cslipublications.stanford.edu/HPSG/4/}},
  year	      =	{2003}
}

%%%%%%%%%%%%%%%%%%%%%%%%%%%%%%%%%%%%%%%%%%%%%%%%%%%%%%%%%%%%%%%%%%%%%%%
%
% The same without crossref
%
%%%%%%%%%%%%%%%%%%%%%%%%%%%%%%%%%%%%%%%%%%%%%%%%%%%%%%%%%%%%%%%%%%%%%%%


@inproceedings{Abeille2003a,
  author   = {Anne Abeill{\'e}},
  title    = {A Lexicon- and Construction-Based Approach to Coordinations},
  pages = {5--25},
  editor      =	{Stefan M{\"u}ller},
  booktitle   =	{Proceedings of the HPSG-2003 Conference, Michigan State University, East Lansing},
  publisher   =	{CSLI Publications},
  note	      =	{\url{http://cslipublications.stanford.edu/HPSG/4/}},
  year	      =	{2003}
}

@inproceedings{AG2003a,
  author   = {Anne Abeill{\'e} and Dani{\`e}le Godard},
  title    = {The Syntactic Flexibility of Adverbs: {French} Degree Adverbs},
  pages = {26--46},
  editor      =	{Stefan M{\"u}ller},
  booktitle   =	{Proceedings of the HPSG-2003 Conference, Michigan State University, East Lansing},
  publisher   =	{CSLI Publications},
  note	      =	{\url{http://cslipublications.stanford.edu/HPSG/4/}},
  year	      =	{2003}
}

@inproceedings{Beavers2003a,
  author   = {John Beavers},
  title    = {More Heads and Less Categories: A New Look at Noun Phrase Structure},
  pages = {47--67},
  editor      =	{Stefan M{\"u}ller},
  booktitle   =	{Proceedings of the HPSG-2003 Conference, Michigan State University, East Lansing},
  publisher   =	{CSLI Publications},
  note	      =	{\url{http://cslipublications.stanford.edu/HPSG/4/}},
  year	      =	{2003}
}


@inproceedings{CK2003a,
  author   = {Chan Chung and Jong-Bok Kim},
  title    = {Capturing Word Order Asymmetries in {English} Left-Peripheral Constructions: A Domain-Based Approach},
  pages = {68--87},
  editor      =	{Stefan M{\"u}ller},
  booktitle   =	{Proceedings of the HPSG-2003 Conference, Michigan State University, East Lansing},
  publisher   =	{CSLI Publications},
  note	      =	{\url{http://cslipublications.stanford.edu/HPSG/4/}},
  year	      =	{2003}
}

@inproceedings{dKM2003a,
  author   = {Kordula De Kuthy and Walt Detmar Meurers},
  title    = {Dealing with Optional Complements in HPSG-Based Grammar Implementations},
  pages = {88--96},
  editor      =	{Stefan M{\"u}ller},
  booktitle   =	{Proceedings of the HPSG-2003 Conference, Michigan State University, East Lansing},
  publisher   =	{CSLI Publications},
  note	      =	{\url{http://cslipublications.stanford.edu/HPSG/4/}},
  year	      =	{2003}
}

@inproceedings{dKM2003b,
  author   = {Kordula De Kuthy and Walt Detmar Meurers},
  title    = {The Secret Life of Focus Exponents, and What it Tells Us about Fronted Verbal Projections},
  pages = {97--110},
  editor      =	{Stefan M{\"u}ller},
  booktitle   =	{Proceedings of the HPSG-2003 Conference, Michigan State University, East Lansing},
  publisher   =	{CSLI Publications},
  note	      =	{\url{http://cslipublications.stanford.edu/HPSG/4/}},
  year	      =	{2003}
}

@inproceedings{FB2003a,
  author   = {Dan Flickinger and Francis Bond},
  title    = {A Two-Rule Analysis of Measure Noun Phrases},
  pages = {111--121},
  editor      =	{Stefan M{\"u}ller},
  booktitle   =	{Proceedings of the HPSG-2003 Conference, Michigan State University, East Lansing},
  publisher   =	{CSLI Publications},
  note	      =	{\url{http://cslipublications.stanford.edu/HPSG/4/}},
  year	      =	{2003}
}

@inproceedings{Gundel2003a,
  author   = {Jeanette Gundel},
  title    = {Information Structure and Referential Givenness/Newness: How Much Belongs in the Grammar?},
  pages = {122--142},
  editor      =	{Stefan M{\"u}ller},
  booktitle   =	{Proceedings of the HPSG-2003 Conference, Michigan State University, East Lansing},
  publisher   =	{CSLI Publications},
  note	      =	{\url{http://cslipublications.stanford.edu/HPSG/4/}},
  year	      =	{2003}
}

@inproceedings{Haji-Abdolhosseini2003a,
  author   = {Mohammad Haji-Abdolhosseini},
  title    = {A Constraint-Based Approach to Information Structure and Prosody Correspondence},
  pages = {143--162},
  editor      =	{Stefan M{\"u}ller},
  booktitle   =	{Proceedings of the HPSG-2003 Conference, Michigan State University, East Lansing},
  publisher   =	{CSLI Publications},
  note	      =	{\url{http://cslipublications.stanford.edu/HPSG/4/}},
  year	      =	{2003}
}

@inproceedings{Holler2003a,
  author   = {Anke Holler},
  title    = {An {HPSG} Analysis of the Non-Integrated Wh-Relative Clauses in {German}},
  pages = {163--180},
  editor      =	{Stefan M{\"u}ller},
  booktitle   =	{Proceedings of the HPSG-2003 Conference, Michigan State University, East Lansing},
  publisher   =	{CSLI Publications},
  note	      =	{\url{http://cslipublications.stanford.edu/HPSG/4/}},
  year	      =	{2003}
}

@inproceedings{Jaeger2003a,
  author   = {Florian Jaeger},
  title    = {Topics First! In- and Outside of Bulgarian Wh-Interrogatives},
  pages = {181--202},
  editor      =	{Stefan M{\"u}ller},
  booktitle   =	{Proceedings of the HPSG-2003 Conference, Michigan State University, East Lansing},
  publisher   =	{CSLI Publications},
  note	      =	{\url{http://cslipublications.stanford.edu/HPSG/4/}},
  year	      =	{2003}
}

@inproceedings{Kathol2003a,
  author   = {Andreas Kathol},
  title    = {Cooperating Constructions in {Lai} ``Lexical Insertion''},
  pages = {203--221},
  editor      =	{Stefan M{\"u}ller},
  booktitle   =	{Proceedings of the HPSG-2003 Conference, Michigan State University, East Lansing},
  publisher   =	{CSLI Publications},
  note	      =	{\url{http://cslipublications.stanford.edu/HPSG/4/}},
  year	      =	{2003}
}



@inproceedings{KD2003a,
  author   = {Jean-Pierre Koenig and Anthony Davis},
  title    = {Semantically Transparent Linking in {HPSG}},
  pages = {222--235},
  editor      =	{Stefan M{\"u}ller},
  booktitle   =	{Proceedings of the HPSG-2003 Conference, Michigan State University, East Lansing},
  publisher   =	{CSLI Publications},
  note	      =	{\url{http://cslipublications.stanford.edu/HPSG/4/}},
  year	      =	{2003}
}

@inproceedings{LS2003a,
  author   = {Robert D. Levine and Ivan A. Sag},
  title    = {Some Empirical Issues in the Grammar of Extraction},
  pages = {236--256},
  editor      =	{Stefan M{\"u}ller},
  booktitle   =	{Proceedings of the HPSG-2003 Conference, Michigan State University, East Lansing},
  publisher   =	{CSLI Publications},
  note	      =	{\url{http://cslipublications.stanford.edu/HPSG/4/}},
  year	      =	{2003}
}

@inproceedings{LO2003a,
  author   = {Roger Levy and David Yoshikazu Oshima},
  title    = {Non-Transitive Information Flow in Japanese Noun-Classifier Matching},
  pages = {257--277},
  editor      =	{Stefan M{\"u}ller},
  booktitle   =	{Proceedings of the HPSG-2003 Conference, Michigan State University, East Lansing},
  publisher   =	{CSLI Publications},
  note	      =	{\url{http://cslipublications.stanford.edu/HPSG/4/}},
  year	      =	{2003}
}

@inproceedings{Mueller2003a,
  author   = {Stefan M{\"u}ller},
  title	   = {Object"=To"=Subject"=Raising and Lexical Rule. An Analysis of the {German} Passive},
  pages = {278--297},
  editor      =	{Stefan M{\"u}ller},
  booktitle   =	{Proceedings of the HPSG-2003 Conference, Michigan State University, East Lansing},
  publisher   =	{CSLI Publications},
  note	      =	{\url{http://cslipublications.stanford.edu/HPSG/4/}},
  year	      =	{2003}
}

@inproceedings{PK2003a,
  author   = {Luis Paris and Jean-Pierre Koenig},
  title    = {What Does It Mean to Be a Complement?},
  pages    = {298--317},
  editor      =	{Stefan M{\"u}ller},
  booktitle   =	{Proceedings of the HPSG-2003 Conference, Michigan State University, East Lansing},
  publisher   =	{CSLI Publications},
  note	      =	{\url{http://cslipublications.stanford.edu/HPSG/4/}},
  year	      =	{2003}
}

@inproceedings{PH2003a,
  author   = {Gerald Penn and Kenneth Hoetmer},
  title    = {In Search of Epistemic Primitives in the {English Resource Grammar} (or Why {HPSG} Can't Live without Higher-Order Datatypes)},
  pages = {318--337},
  editor      =	{Stefan M{\"u}ller},
  booktitle   =	{Proceedings of the HPSG-2003 Conference, Michigan State University, East Lansing},
  publisher   =	{CSLI Publications},
  note	      =	{\url{http://cslipublications.stanford.edu/HPSG/4/}},
  year	      =	{2003}
}

@inproceedings{PG2003a,
  author   = {Matthew Purver and Jonathan Ginzburg},
  title    = {Clarifying Noun Phrase Semantics in {HPSG}},
  pages = {338--358},
  editor      =	{Stefan M{\"u}ller},
  booktitle   =	{Proceedings of the HPSG-2003 Conference, Michigan State University, East Lansing},
  publisher   =	{CSLI Publications},
  note	      =	{\url{http://cslipublications.stanford.edu/HPSG/4/}},
  year	      =	{2003}
}

@inproceedings{RA2003a,
  author   = {Jeffrey T. Runner and Raul Aranovich},
  title    = {Noun Incorporation and Rule Interaction in the Lexicon},
  pages = {359--379},
  editor      =	{Stefan M{\"u}ller},
  booktitle   =	{Proceedings of the HPSG-2003 Conference, Michigan State University, East Lansing},
  publisher   =	{CSLI Publications},
  note	      =	{\url{http://cslipublications.stanford.edu/HPSG/4/}},
  year	      =	{2003}
}

@inproceedings{2003a,
  author   = {David Schlangen and Alex Lascarides},
  title    = {A Compositional and Constraint-Based Approach to Non-Sentential Utterances},
  pages = {380--390},
  editor      =	{Stefan M{\"u}ller},
  booktitle   =	{Proceedings of the HPSG-2003 Conference, Michigan State University, East Lansing},
  publisher   =	{CSLI Publications},
  note	      =	{\url{http://cslipublications.stanford.edu/HPSG/4/}},
  year	      =	{2003}
}

@inproceedings{vanEynde2003a,
  author   = {Frank Van Eynde},
  title    = {On the Notion `Determiner'},
  pages = {391--396},
  editor      =	{Stefan M{\"u}ller},
  booktitle   =	{Proceedings of the HPSG-2003 Conference, Michigan State University, East Lansing},
  publisher   =	{CSLI Publications},
  note	      =	{\url{http://cslipublications.stanford.edu/HPSG/4/}},
  year	      =	{2003}
}

@inproceedings{Yoo2003a,
  author   = {Eun-Jung Yoo},
  title    = {Specificational Pseudoclefts in {English}},
  pages = {397--416},
  editor      =	{Stefan M{\"u}ller},
  booktitle   =	{Proceedings of the HPSG-2003 Conference, Michigan State University, East Lansing},
  publisher   =	{CSLI Publications},
  note	      =	{\url{http://cslipublications.stanford.edu/HPSG/4/}},
  year	      =	{2003}
}







