@proceedings{Mueller2003a-ed,
  editor    = {M{\"u}ller, Stefan},
  title     = {{Proceedings of the 10th International Conference on Head-Driven Phrase Structure Grammar, Michigan State University}},
  booktitle = {{Proceedings of the 10th International Conference on Head-Driven Phrase Structure Grammar, Michigan State University}},
  url       = {http://cslipublications.stanford.edu/HPSG/2003/},
  publisher = {CSLI Publications},
  address   = {Stanford, CA},
  OPTissn   = {15351793},
  year      = {2003},
}

@inproceedings{abeille:2003,
  author    = {Abeill{\'e}, Anne},
  title     = {A Lexicon- and Construction-Based Approach to Coordinations},
  booktitle = {{Proceedings of the 10th International Conference on Head-Driven Phrase Structure Grammar, Michigan State University}},
  editor    = {M{\"u}ller, Stefan},
  OPTissn   = {15351793},
  url       = {http://cslipublications.stanford.edu/HPSG/2003/abeille.pdf},
  publisher = {CSLI Publications},
  address   = {Stanford, CA},
  pages     = {5--25},
  year      = {2003},
}

@inproceedings{abeille:2003-cr,
  crossref  = {Mueller2003a-ed},
  author    = {Abeill{\'e}, Anne},
  title     = {A Lexicon- and Construction-Based Approach to Coordinations},
  url       = {http://cslipublications.stanford.edu/HPSG/2003/abeille.pdf},
  pages     = {5--25},
}

@inproceedings{abeille-godard:2003,
  author    = {Abeill{\'e}, Anne and Godard, Dani\`{e}le},
  title     = {The Syntactic Flexibility of Adverbs: French Degree Adverbs},
  booktitle = {{Proceedings of the 10th International Conference on Head-Driven Phrase Structure Grammar, Michigan State University}},
  editor    = {M{\"u}ller, Stefan},
  OPTissn   = {15351793},
  url       = {http://cslipublications.stanford.edu/HPSG/2003/abeille-godard.pdf},
  publisher = {CSLI Publications},
  address   = {Stanford, CA},
  pages     = {26--46},
  year      = {2003},
}

@inproceedings{abeille-godard:2003-cr,
  crossref  = {Mueller2003a-ed},
  author    = {Abeill{\'e}, Anne and Godard, Dani\`{e}le},
  title     = {The Syntactic Flexibility of Adverbs: French Degree Adverbs},
  url       = {http://cslipublications.stanford.edu/HPSG/2003/abeille-godard.pdf},
  pages     = {26--46},
}

@inproceedings{beavers:2003,
  author    = {Beavers, John},
  title     = {More Heads and Less Categories: A New Look at Noun Phrase Structure},
  booktitle = {{Proceedings of the 10th International Conference on Head-Driven Phrase Structure Grammar, Michigan State University}},
  editor    = {M{\"u}ller, Stefan},
  OPTissn   = {15351793},
  url       = {http://cslipublications.stanford.edu/HPSG/2003/beavers.pdf},
  publisher = {CSLI Publications},
  address   = {Stanford, CA},
  pages     = {47--67},
  year      = {2003},
}

@inproceedings{beavers:2003-cr,
  crossref  = {Mueller2003a-ed},
  author    = {Beavers, John},
  title     = {More Heads and Less Categories: A New Look at Noun Phrase Structure},
  url       = {http://cslipublications.stanford.edu/HPSG/2003/beavers.pdf},
  pages     = {47--67},
}

@inproceedings{chung-kim:2003,
  author    = {Chung, Chan and Kim, Jong-Bok},
  title     = {Capturing Word Order Asymmetries in English},
  booktitle = {{Proceedings of the 10th International Conference on Head-Driven Phrase Structure Grammar, Michigan State University}},
  editor    = {M{\"u}ller, Stefan},
  OPTissn   = {15351793},
  url       = {http://cslipublications.stanford.edu/HPSG/2003/chung-kim.pdf},
  publisher = {CSLI Publications},
  address   = {Stanford, CA},
  pages     = {68--87},
  year      = {2003},
}

@inproceedings{chung-kim:2003-cr,
  crossref  = {Mueller2003a-ed},
  author    = {Chung, Chan and Kim, Jong-Bok},
  title     = {Capturing Word Order Asymmetries in English},
  url       = {http://cslipublications.stanford.edu/HPSG/2003/chung-kim.pdf},
  pages     = {68--87},
}

@inproceedings{dekuthy-meurers:2003,
  author    = {De Kuthy, Kordula and Meurers, W. Detmar},
  title     = {Dealing with Optional Complements in HPSG-Based Grammar Implementations},
  booktitle = {{Proceedings of the 10th International Conference on Head-Driven Phrase Structure Grammar, Michigan State University}},
  editor    = {M{\"u}ller, Stefan},
  OPTissn   = {15351793},
  url       = {http://cslipublications.stanford.edu/HPSG/2003/dekuthy-meurers.pdf},
  publisher = {CSLI Publications},
  address   = {Stanford, CA},
  pages     = {88--96},
  year      = {2003},
}

@inproceedings{dekuthy-meurers:2003-cr,
  crossref  = {Mueller2003a-ed},
  author    = {De Kuthy, Kordula and Meurers, W. Detmar},
  title     = {Dealing with Optional Complements in HPSG-Based Grammar Implementations},
  url       = {http://cslipublications.stanford.edu/HPSG/2003/dekuthy-meurers.pdf},
  pages     = {88--96},
}

@inproceedings{dekuthy-meurers-2:2003,
  author    = {De Kuthy, Kordula and Meurers, W. Detmar},
  title     = {The Secret Life of Focus Exponents, and What it Tells Us about Fronted Verbal Projections},
  booktitle = {{Proceedings of the 10th International Conference on Head-Driven Phrase Structure Grammar, Michigan State University}},
  editor    = {M{\"u}ller, Stefan},
  OPTissn   = {15351793},
  url       = {http://cslipublications.stanford.edu/HPSG/2003/dekuthy-meurers-2.pdf},
  publisher = {CSLI Publications},
  address   = {Stanford, CA},
  pages     = {97--110},
  year      = {2003},
}

@inproceedings{dekuthy-meurers-2:2003-cr,
  crossref  = {Mueller2003a-ed},
  author    = {De Kuthy, Kordula and Meurers, W. Detmar},
  title     = {The Secret Life of Focus Exponents, and What it Tells Us about Fronted Verbal Projections},
  url       = {http://cslipublications.stanford.edu/HPSG/2003/dekuthy-meurers-2.pdf},
  pages     = {97--110},
}

@inproceedings{flickinger-bond:2003,
  author    = {Flickinger, Dan and Bond, Francis},
  title     = {A Two-Rule Analysis of Measure Noun Phrases},
  booktitle = {{Proceedings of the 10th International Conference on Head-Driven Phrase Structure Grammar, Michigan State University}},
  editor    = {M{\"u}ller, Stefan},
  OPTissn   = {15351793},
  url       = {http://cslipublications.stanford.edu/HPSG/2003/flickinger-bond.pdf},
  publisher = {CSLI Publications},
  address   = {Stanford, CA},
  pages     = {111--121},
  year      = {2003},
}

@inproceedings{flickinger-bond:2003-cr,
  crossref  = {Mueller2003a-ed},
  author    = {Flickinger, Dan and Bond, Francis},
  title     = {A Two-Rule Analysis of Measure Noun Phrases},
  url       = {http://cslipublications.stanford.edu/HPSG/2003/flickinger-bond.pdf},
  pages     = {111--121},
}

@inproceedings{gundel:2003,
  author    = {Gundel, Jeanette},
  title     = {Information Structure and Referential Givenness/Newness: How Much Belongs in the Grammar?},
  booktitle = {{Proceedings of the 10th International Conference on Head-Driven Phrase Structure Grammar, Michigan State University}},
  editor    = {M{\"u}ller, Stefan},
  OPTissn   = {15351793},
  url       = {http://cslipublications.stanford.edu/HPSG/2003/gundel.pdf},
  publisher = {CSLI Publications},
  address   = {Stanford, CA},
  pages     = {122--142},
  year      = {2003},
}

@inproceedings{gundel:2003-cr,
  crossref  = {Mueller2003a-ed},
  author    = {Gundel, Jeanette},
  title     = {Information Structure and Referential Givenness/Newness: How Much Belongs in the Grammar?},
  url       = {http://cslipublications.stanford.edu/HPSG/2003/gundel.pdf},
  pages     = {122--142},
}

@inproceedings{haji-abdolhosseini:2003,
  author    = {Haji-Abdolhosseini, Mohammad},
  title     = {Constraint-Based Approach to Information Structure and Prosody Correspondence},
  booktitle = {{Proceedings of the 10th International Conference on Head-Driven Phrase Structure Grammar, Michigan State University}},
  editor    = {M{\"u}ller, Stefan},
  OPTissn   = {15351793},
  url       = {http://cslipublications.stanford.edu/HPSG/2003/haji-abdolhosseini.pdf},
  publisher = {CSLI Publications},
  address   = {Stanford, CA},
  pages     = {143--162},
  year      = {2003},
}

@inproceedings{haji-abdolhosseini:2003-cr,
  crossref  = {Mueller2003a-ed},
  author    = {Haji-Abdolhosseini, Mohammad},
  title     = {Constraint-Based Approach to Information Structure and Prosody Correspondence},
  url       = {http://cslipublications.stanford.edu/HPSG/2003/haji-abdolhosseini.pdf},
  pages     = {143--162},
}

@inproceedings{holler:2003,
  author    = {Holler, Anke},
  title     = {An HPSG Analysis of the Non-Integrated \emph{Wh}-Relative Clauses in German},
  booktitle = {{Proceedings of the 10th International Conference on Head-Driven Phrase Structure Grammar, Michigan State University}},
  editor    = {M{\"u}ller, Stefan},
  OPTissn   = {15351793},
  url       = {http://cslipublications.stanford.edu/HPSG/2003/holler.pdf},
  publisher = {CSLI Publications},
  address   = {Stanford, CA},
  pages     = {163--180},
  year      = {2003},
}

@inproceedings{holler:2003-cr,
  crossref  = {Mueller2003a-ed},
  author    = {Holler, Anke},
  title     = {An HPSG Analysis of the Non-Integrated \emph{Wh}-Relative Clauses in German},
  url       = {http://cslipublications.stanford.edu/HPSG/2003/holler.pdf},
  pages     = {163--180},
}

@inproceedings{jaeger:2003,
  author    = {Jaeger, Florian},
  title     = {Topics First! In- and Outside of Bulgarian \emph{Wh}-Interrogatives},
  booktitle = {{Proceedings of the 10th International Conference on Head-Driven Phrase Structure Grammar, Michigan State University}},
  editor    = {M{\"u}ller, Stefan},
  OPTissn   = {15351793},
  url       = {http://cslipublications.stanford.edu/HPSG/2003/jaeger.pdf},
  publisher = {CSLI Publications},
  address   = {Stanford, CA},
  pages     = {181--202},
  year      = {2003},
}

@inproceedings{jaeger:2003-cr,
  crossref  = {Mueller2003a-ed},
  author    = {Jaeger, Florian},
  title     = {Topics First! In- and Outside of Bulgarian \emph{Wh}-Interrogatives},
  url       = {http://cslipublications.stanford.edu/HPSG/2003/jaeger.pdf},
  pages     = {181--202},
}

@inproceedings{kathol:2003,
  author    = {Kathol, Andreas},
  title     = {Cooperating Constructions in Lai ``Lexical Insertion''},
  booktitle = {{Proceedings of the 10th International Conference on Head-Driven Phrase Structure Grammar, Michigan State University}},
  editor    = {M{\"u}ller, Stefan},
  OPTissn   = {15351793},
  url       = {http://cslipublications.stanford.edu/HPSG/2003/kathol.pdf},
  publisher = {CSLI Publications},
  address   = {Stanford, CA},
  pages     = {203--221},
  year      = {2003},
}

@inproceedings{kathol:2003-cr,
  crossref  = {Mueller2003a-ed},
  author    = {Kathol, Andreas},
  title     = {Cooperating Constructions in Lai ``Lexical Insertion''},
  url       = {http://cslipublications.stanford.edu/HPSG/2003/kathol.pdf},
  pages     = {203--221},
}

@inproceedings{koenig-davis:2003,
  author    = {Koenig, Jean-Pierre and Davis, Anthony},
  title     = {Semantically Transparent Linking in HPSG},
  booktitle = {{Proceedings of the 10th International Conference on Head-Driven Phrase Structure Grammar, Michigan State University}},
  editor    = {M{\"u}ller, Stefan},
  OPTissn   = {15351793},
  url       = {http://cslipublications.stanford.edu/HPSG/2003/koenig-davis.pdf},
  publisher = {CSLI Publications},
  address   = {Stanford, CA},
  pages     = {222--235},
  year      = {2003},
}

@inproceedings{koenig-davis:2003-cr,
  crossref  = {Mueller2003a-ed},
  author    = {Koenig, Jean-Pierre and Davis, Anthony},
  title     = {Semantically Transparent Linking in HPSG},
  url       = {http://cslipublications.stanford.edu/HPSG/2003/koenig-davis.pdf},
  pages     = {222--235},
}

@inproceedings{levine-sag:2003,
  author    = {Levine, Robert D. and Sag, Ivan A.},
  title     = {Some Empirical Issues in the Grammar of Extraction},
  booktitle = {{Proceedings of the 10th International Conference on Head-Driven Phrase Structure Grammar, Michigan State University}},
  editor    = {M{\"u}ller, Stefan},
  OPTissn   = {15351793},
  url       = {http://cslipublications.stanford.edu/HPSG/2003/levine-sag.pdf},
  publisher = {CSLI Publications},
  address   = {Stanford, CA},
  pages     = {236--256},
  year      = {2003},
}

@inproceedings{levine-sag:2003-cr,
  crossref  = {Mueller2003a-ed},
  author    = {Levine, Robert D. and Sag, Ivan A.},
  title     = {Some Empirical Issues in the Grammar of Extraction},
  url       = {http://cslipublications.stanford.edu/HPSG/2003/levine-sag.pdf},
  pages     = {236--256},
}

@inproceedings{levy-oshima:2003,
  author    = {Levy, Roger and Oshima, David Yoshikazu},
  title     = {Non-Transitive Information Flow in Japanese Noun-Classifier Matching},
  booktitle = {{Proceedings of the 10th International Conference on Head-Driven Phrase Structure Grammar, Michigan State University}},
  editor    = {M{\"u}ller, Stefan},
  OPTissn   = {15351793},
  url       = {http://cslipublications.stanford.edu/HPSG/2003/levy-oshima.pdf},
  publisher = {CSLI Publications},
  address   = {Stanford, CA},
  pages     = {257--277},
  year      = {2003},
}

@inproceedings{levy-oshima:2003-cr,
  crossref  = {Mueller2003a-ed},
  author    = {Levy, Roger and Oshima, David Yoshikazu},
  title     = {Non-Transitive Information Flow in Japanese Noun-Classifier Matching},
  url       = {http://cslipublications.stanford.edu/HPSG/2003/levy-oshima.pdf},
  pages     = {257--277},
}

@inproceedings{mueller:2003,
  author    = {M{\"u}ller, Stefan},
  title     = {Object-to-Subject-Raising and Lexical Rule: An Analysis of the German Passiv},
  booktitle = {{Proceedings of the 10th International Conference on Head-Driven Phrase Structure Grammar, Michigan State University}},
  editor    = {M{\"u}ller, Stefan},
  OPTissn   = {15351793},
  url       = {http://cslipublications.stanford.edu/HPSG/2003/mueller.pdf},
  publisher = {CSLI Publications},
  address   = {Stanford, CA},
  pages     = {278--297},
  year      = {2003},
}

@inproceedings{mueller:2003-cr,
  crossref  = {Mueller2003a-ed},
  author    = {M{\"u}ller, Stefan},
  title     = {Object-to-Subject-Raising and Lexical Rule: An Analysis of the German Passiv},
  url       = {http://cslipublications.stanford.edu/HPSG/2003/mueller.pdf},
  pages     = {278--297},
}

@inproceedings{paris-koenig:2003,
  author    = {Paris, Luis and Koenig, Jean-Pierre},
  title     = {What Does It Mean to Be a Complement?},
  booktitle = {{Proceedings of the 10th International Conference on Head-Driven Phrase Structure Grammar, Michigan State University}},
  editor    = {M{\"u}ller, Stefan},
  OPTissn   = {15351793},
  url       = {http://cslipublications.stanford.edu/HPSG/2003/paris-koenig.pdf},
  publisher = {CSLI Publications},
  address   = {Stanford, CA},
  pages     = {298--317},
  year      = {2003},
}

@inproceedings{paris-koenig:2003-cr,
  crossref  = {Mueller2003a-ed},
  author    = {Paris, Luis and Koenig, Jean-Pierre},
  title     = {What Does It Mean to Be a Complement?},
  url       = {http://cslipublications.stanford.edu/HPSG/2003/paris-koenig.pdf},
  pages     = {298--317},
}

@inproceedings{penn-hoetmer:2003,
  author    = {Penn, Gerald and Hoetmer, Kenneth},
  title     = {In Search of Epistemic Primitives in the English Resource Grammar (or Why HPSG Can't Live without Higher-Order Datatypes)},
  booktitle = {{Proceedings of the 10th International Conference on Head-Driven Phrase Structure Grammar, Michigan State University}},
  editor    = {M{\"u}ller, Stefan},
  OPTissn   = {15351793},
  url       = {http://cslipublications.stanford.edu/HPSG/2003/penn-hoetmer.pdf},
  publisher = {CSLI Publications},
  address   = {Stanford, CA},
  pages     = {318--337},
  year      = {2003},
}

@inproceedings{penn-hoetmer:2003-cr,
  crossref  = {Mueller2003a-ed},
  author    = {Penn, Gerald and Hoetmer, Kenneth},
  title     = {In Search of Epistemic Primitives in the English Resource Grammar (or Why HPSG Can't Live without Higher-Order Datatypes)},
  url       = {http://cslipublications.stanford.edu/HPSG/2003/penn-hoetmer.pdf},
  pages     = {318--337},
}

@inproceedings{purver-ginzburg:2003,
  author    = {Purver, Matthew and Ginzburg, Jonathan},
  title     = {Clarifying Noun Phrase Semantics in HPSG},
  booktitle = {{Proceedings of the 10th International Conference on Head-Driven Phrase Structure Grammar, Michigan State University}},
  editor    = {M{\"u}ller, Stefan},
  OPTissn   = {15351793},
  url       = {http://cslipublications.stanford.edu/HPSG/2003/purver-ginzburg.pdf},
  publisher = {CSLI Publications},
  address   = {Stanford, CA},
  pages     = {338--358},
  year      = {2003},
}

@inproceedings{purver-ginzburg:2003-cr,
  crossref  = {Mueller2003a-ed},
  author    = {Purver, Matthew and Ginzburg, Jonathan},
  title     = {Clarifying Noun Phrase Semantics in HPSG},
  url       = {http://cslipublications.stanford.edu/HPSG/2003/purver-ginzburg.pdf},
  pages     = {338--358},
}

@inproceedings{runner-aranovich:2003,
  author    = {Runner, Jeffrey T. and Aranovich, Raul},
  title     = {Noun Incorporation and Rule Interaction in the Lexicon},
  booktitle = {{Proceedings of the 10th International Conference on Head-Driven Phrase Structure Grammar, Michigan State University}},
  editor    = {M{\"u}ller, Stefan},
  OPTissn   = {15351793},
  url       = {http://cslipublications.stanford.edu/HPSG/2003/runner-aranovich.pdf},
  publisher = {CSLI Publications},
  address   = {Stanford, CA},
  pages     = {359--379},
  year      = {2003},
}

@inproceedings{runner-aranovich:2003-cr,
  crossref  = {Mueller2003a-ed},
  author    = {Runner, Jeffrey T. and Aranovich, Raul},
  title     = {Noun Incorporation and Rule Interaction in the Lexicon},
  url       = {http://cslipublications.stanford.edu/HPSG/2003/runner-aranovich.pdf},
  pages     = {359--379},
}

@inproceedings{schlangen-lascarides:2003,
  author    = {Schlangen, David and Lascarides, Alex},
  title     = {A Compositional and Constraint-Based Approach to Non-Sentential Utterances},
  booktitle = {{Proceedings of the 10th International Conference on Head-Driven Phrase Structure Grammar, Michigan State University}},
  editor    = {M{\"u}ller, Stefan},
  OPTissn   = {15351793},
  url       = {http://cslipublications.stanford.edu/HPSG/2003/schlangen-lascarides.pdf},
  publisher = {CSLI Publications},
  address   = {Stanford, CA},
  pages     = {380--390},
  year      = {2003},
}

@inproceedings{schlangen-lascarides:2003-cr,
  crossref  = {Mueller2003a-ed},
  author    = {Schlangen, David and Lascarides, Alex},
  title     = {A Compositional and Constraint-Based Approach to Non-Sentential Utterances},
  url       = {http://cslipublications.stanford.edu/HPSG/2003/schlangen-lascarides.pdf},
  pages     = {380--390},
}

@inproceedings{vaneynde:2003,
  author    = {Van Eynde, Frank},
  title     = {On the Notion `Determiner'},
  booktitle = {{Proceedings of the 10th International Conference on Head-Driven Phrase Structure Grammar, Michigan State University}},
  editor    = {M{\"u}ller, Stefan},
  OPTissn   = {15351793},
  url       = {http://cslipublications.stanford.edu/HPSG/2003/vaneynde.pdf},
  publisher = {CSLI Publications},
  address   = {Stanford, CA},
  pages     = {391--396},
  year      = {2003},
}

@inproceedings{vaneynde:2003-cr,
  crossref  = {Mueller2003a-ed},
  author    = {Van Eynde, Frank},
  title     = {On the Notion `Determiner'},
  url       = {http://cslipublications.stanford.edu/HPSG/2003/vaneynde.pdf},
  pages     = {391--396},
}

@inproceedings{yoo:2003,
  author    = {Yoo, Eun-Jung},
  title     = {Specificational Pseudoclefts in English},
  booktitle = {{Proceedings of the 10th International Conference on Head-Driven Phrase Structure Grammar, Michigan State University}},
  editor    = {M{\"u}ller, Stefan},
  OPTissn   = {15351793},
  url       = {http://cslipublications.stanford.edu/HPSG/2003/yoo.pdf},
  publisher = {CSLI Publications},
  address   = {Stanford, CA},
  pages     = {397--416},
  year      = {2003},
}

@inproceedings{yoo:2003-cr,
  crossref  = {Mueller2003a-ed},
  author    = {Yoo, Eun-Jung},
  title     = {Specificational Pseudoclefts in English},
  url       = {http://cslipublications.stanford.edu/HPSG/2003/yoo.pdf},
  pages     = {397--416},
}

