@inproceedings{koenig-davis:2003,
  author    = {Koenig, Jean-Pierre and Davis, Anthony},
  title     = {Semantically Transparent Linking in HPSG},
  booktitle = {{Proceedings of the 10th International Conference on Head-Driven Phrase Structure Grammar, Michigan State University}},
  editor    = {M{\"u}ller, Stefan},
  OPTissn   = {15351793},
  url       = {http://cslipublications.stanford.edu/HPSG/2003/koenig-davis.pdf},
  publisher = {CSLI Publications},
  address   = {Stanford, CA},
  pages     = {222--235},
  year      = {2003},
}

@inproceedings{koenig-davis:2003-cr,
  crossref  = {Mueller2003a-ed},
  author    = {Koenig, Jean-Pierre and Davis, Anthony},
  title     = {Semantically Transparent Linking in HPSG},
  url       = {http://cslipublications.stanford.edu/HPSG/2003/koenig-davis.pdf},
  pages     = {222--235},
}

@proceedings{Mueller2003a-ed,
  editor    = {M{\"u}ller, Stefan},
  title     = {{Proceedings of the 10th International Conference on Head-Driven Phrase Structure Grammar, Michigan State University}},
  booktitle = {{Proceedings of the 10th International Conference on Head-Driven Phrase Structure Grammar, Michigan State University}},
  publisher = {CSLI Publications},
  address   = {Stanford, CA},
  OPTissn   = {15351793},
  url       = {http://cslipublications.stanford.edu/HPSG/2003/},
  year      = {2003},
}

