@inproceedings{levy-oshima:2003,
  author    = {Levy, Roger and Oshima, David Yoshikazu},
  title     = {Non-Transitive Information Flow in Japanese Noun-Classifier Matching},
  booktitle = {{Proceedings of the 10th International Conference on Head-Driven Phrase Structure Grammar, Michigan State University}},
  editor    = {M{\"u}ller, Stefan},
  OPTissn   = {15351793},
  url       = {http://cslipublications.stanford.edu/HPSG/2003/levy-oshima.pdf},
  publisher = {CSLI Publications},
  address   = {Stanford, CA},
  pages     = {257--277},
  year      = {2003},
}

@inproceedings{levy-oshima:2003-cr,
  crossref  = {Mueller2003a-ed},
  author    = {Levy, Roger and Oshima, David Yoshikazu},
  title     = {Non-Transitive Information Flow in Japanese Noun-Classifier Matching},
  url       = {http://cslipublications.stanford.edu/HPSG/2003/levy-oshima.pdf},
  pages     = {257--277},
}

@proceedings{Mueller2003a-ed,
  editor    = {M{\"u}ller, Stefan},
  title     = {{Proceedings of the 10th International Conference on Head-Driven Phrase Structure Grammar, Michigan State University}},
  booktitle = {{Proceedings of the 10th International Conference on Head-Driven Phrase Structure Grammar, Michigan State University}},
  publisher = {CSLI Publications},
  address   = {Stanford, CA},
  OPTissn   = {15351793},
  url       = {http://cslipublications.stanford.edu/HPSG/2003/},
  year      = {2003},
}

