@inproceedings{levy-levy:2003,
  author    = {Levy, Roger and Oshima David Yoshikazu},
  title     = {Non-Transitive Information Flow in Japanese Noun-Classifier Matching},
  booktitle = {Proceedings of the 10th International Conference on Head-Driven Phrase Structure Grammar, Michigan State University},
  editor    = {Stefan M{\"u}ller},
  OPTissn   = {15351793},
  url       = {http://cslipublications.stanford.edu/HPSG/2003/levy-levy.pdf},
  pages     = {267--267},
  year      = {2003},
}

@inproceedings{levy-levy:2003-cr,
  crossref  = {Mueller2003a-ed},
  author    = {Levy, Roger and Oshima David Yoshikazu},
  title     = {Non-Transitive Information Flow in Japanese Noun-Classifier Matching},
  url       = {http://cslipublications.stanford.edu/HPSG/2003/levy-levy.pdf},
  pages     = {267--267},
}

@proceedings{Mueller2003a-ed,
  editor    = {Stefan M{\"u}ller},
  title     = {Proceedings of the 10th International Conference on Head-Driven Phrase Structure Grammar, Michigan State University},
  booktitle = {Proceedings of the 10th International Conference on Head-Driven Phrase Structure Grammar, Michigan State University},
  OPTissn   = {15351793},
  url       = {http://cslipublications.stanford.edu/HPSG/2003/},
  year      = {2003},
}

