@inproceedings{malouf:2003,
  author    = {Malouf, Robert},
  title     = {A Quantitative Look at Mixed Category Constructions},
  booktitle = {Proceedings of the 10th International Conference on Head-Driven Phrase Structure Grammar, Michigan State University},
  editor    = {Stefan M{\"u}ller},
  OPTissn   = {15351793},
  url       = {http://cslipublications.stanford.edu/HPSG/2003/malouf.pdf},
  pages     = {289--289},
  year      = {2003},
}

@inproceedings{malouf:2003-cr,
  crossref  = {Mueller2003a-ed},
  author    = {Malouf, Robert},
  title     = {A Quantitative Look at Mixed Category Constructions},
  url       = {http://cslipublications.stanford.edu/HPSG/2003/malouf.pdf},
  pages     = {289--289},
}

@proceedings{Mueller2003a-ed,
  editor    = {Stefan M{\"u}ller},
  title     = {Proceedings of the 10th International Conference on Head-Driven Phrase Structure Grammar, Michigan State University},
  booktitle = {Proceedings of the 10th International Conference on Head-Driven Phrase Structure Grammar, Michigan State University},
  OPTissn   = {15351793},
  url       = {http://cslipublications.stanford.edu/HPSG/2003/},
  year      = {2003},
}

