@inproceedings{metcalf:2003,
  author    = {Metcalf, Vanessa},
  title     = {A linearization account of Spanish obligatory subject NP inversion},
  booktitle = {Proceedings of the 10th International Conference on Head-Driven Phrase Structure Grammar, Michigan State University},
  editor    = {Stefan M{\"u}ller},
  OPTissn   = {15351793},
  url       = {http://cslipublications.stanford.edu/HPSG/2003/metcalf.pdf},
  pages     = {289--289},
  year      = {2003},
}

@inproceedings{metcalf:2003-cr,
  crossref  = {Mueller2003a-ed},
  author    = {Metcalf, Vanessa},
  title     = {A linearization account of Spanish obligatory subject NP inversion},
  url       = {http://cslipublications.stanford.edu/HPSG/2003/metcalf.pdf},
  pages     = {289--289},
}

@proceedings{Mueller2003a-ed,
  editor    = {Stefan M{\"u}ller},
  title     = {Proceedings of the 10th International Conference on Head-Driven Phrase Structure Grammar, Michigan State University},
  booktitle = {Proceedings of the 10th International Conference on Head-Driven Phrase Structure Grammar, Michigan State University},
  OPTissn   = {15351793},
  url       = {http://cslipublications.stanford.edu/HPSG/2003/},
  year      = {2003},
}

