@inproceedings{paris-koenig:2003,
  author    = {Paris, Luis and Koenig, Jean-Pierre},
  title     = {What Does It Mean to Be a Complement?},
  booktitle = {{Proceedings of the 10th International Conference on Head-Driven Phrase Structure Grammar, Michigan State University}},
  editor    = {M{\"u}ller, Stefan},
  OPTissn   = {15351793},
  url       = {http://cslipublications.stanford.edu/HPSG/2003/paris-koenig.pdf},
  publisher = {CSLI Publications},
  address   = {Stanford, CA},
  pages     = {298--317},
  year      = {2003},
}

@inproceedings{paris-koenig:2003-cr,
  crossref  = {Mueller2003a-ed},
  author    = {Paris, Luis and Koenig, Jean-Pierre},
  title     = {What Does It Mean to Be a Complement?},
  url       = {http://cslipublications.stanford.edu/HPSG/2003/paris-koenig.pdf},
  pages     = {298--317},
}

@proceedings{Mueller2003a-ed,
  editor    = {M{\"u}ller, Stefan},
  title     = {{Proceedings of the 10th International Conference on Head-Driven Phrase Structure Grammar, Michigan State University}},
  booktitle = {{Proceedings of the 10th International Conference on Head-Driven Phrase Structure Grammar, Michigan State University}},
  publisher = {CSLI Publications},
  address   = {Stanford, CA},
  OPTissn   = {15351793},
  url       = {http://cslipublications.stanford.edu/HPSG/2003/},
  year      = {2003},
}

