@inproceedings{penn-hoetmer:2003,
  author    = {Penn, Gerald and Hoetmer, Kenneth},
  title     = {In Search of Epistemic Primitives in the English Resource Grammar (or Why HPSG Can't Live without Higher-Order Datatypes)},
  booktitle = {{Proceedings of the 10th International Conference on Head-Driven Phrase Structure Grammar, Michigan State University}},
  editor    = {M{\"u}ller, Stefan},
  OPTissn   = {15351793},
  url       = {http://cslipublications.stanford.edu/HPSG/2003/penn-hoetmer.pdf},
  publisher = {CSLI Publications},
  address   = {Stanford, CA},
  pages     = {318--337},
  year      = {2003},
}

@inproceedings{penn-hoetmer:2003-cr,
  crossref  = {Mueller2003a-ed},
  author    = {Penn, Gerald and Hoetmer, Kenneth},
  title     = {In Search of Epistemic Primitives in the English Resource Grammar (or Why HPSG Can't Live without Higher-Order Datatypes)},
  url       = {http://cslipublications.stanford.edu/HPSG/2003/penn-hoetmer.pdf},
  pages     = {318--337},
}

@proceedings{Mueller2003a-ed,
  editor    = {M{\"u}ller, Stefan},
  title     = {{Proceedings of the 10th International Conference on Head-Driven Phrase Structure Grammar, Michigan State University}},
  booktitle = {{Proceedings of the 10th International Conference on Head-Driven Phrase Structure Grammar, Michigan State University}},
  publisher = {CSLI Publications},
  address   = {Stanford, CA},
  OPTissn   = {15351793},
  url       = {http://cslipublications.stanford.edu/HPSG/2003/},
  year      = {2003},
}

