@inproceedings{purver-ginzburg:2003,
  author    = {Purver, Matthew and Ginzburg, Jonathan},
  title     = {Clarifying Noun Phrase Semantics in HPSG},
  booktitle = {{Proceedings of the 10th International Conference on Head-Driven Phrase Structure Grammar, Michigan State University}},
  editor    = {M{\"u}ller, Stefan},
  OPTissn   = {15351793},
  url       = {http://cslipublications.stanford.edu/HPSG/2003/purver-ginzburg.pdf},
  publisher = {CSLI Publications},
  address   = {Stanford, CA},
  pages     = {338--358},
  year      = {2003},
}

@inproceedings{purver-ginzburg:2003-cr,
  crossref  = {Mueller2003a-ed},
  author    = {Purver, Matthew and Ginzburg, Jonathan},
  title     = {Clarifying Noun Phrase Semantics in HPSG},
  url       = {http://cslipublications.stanford.edu/HPSG/2003/purver-ginzburg.pdf},
  pages     = {338--358},
}

@proceedings{Mueller2003a-ed,
  editor    = {M{\"u}ller, Stefan},
  title     = {{Proceedings of the 10th International Conference on Head-Driven Phrase Structure Grammar, Michigan State University}},
  booktitle = {{Proceedings of the 10th International Conference on Head-Driven Phrase Structure Grammar, Michigan State University}},
  publisher = {CSLI Publications},
  address   = {Stanford, CA},
  OPTissn   = {15351793},
  url       = {http://cslipublications.stanford.edu/HPSG/2003/},
  year      = {2003},
}

