@inproceedings{runner-aranovich:2003,
  author    = {Runner, Jeffrey T. and Aranovich, Raul},
  title     = {Noun Incorporation and Rule Interaction in the Lexicon},
  booktitle = {{Proceedings of the 10th International Conference on Head-Driven Phrase Structure Grammar, Michigan State University}},
  editor    = {M{\"u}ller, Stefan},
  OPTissn   = {15351793},
  url       = {http://cslipublications.stanford.edu/HPSG/2003/runner-aranovich.pdf},
  publisher = {CSLI Publications},
  address   = {Stanford, CA},
  pages     = {359--379},
  year      = {2003},
}

@inproceedings{runner-aranovich:2003-cr,
  crossref  = {Mueller2003a-ed},
  author    = {Runner, Jeffrey T. and Aranovich, Raul},
  title     = {Noun Incorporation and Rule Interaction in the Lexicon},
  url       = {http://cslipublications.stanford.edu/HPSG/2003/runner-aranovich.pdf},
  pages     = {359--379},
}

@proceedings{Mueller2003a-ed,
  editor    = {M{\"u}ller, Stefan},
  title     = {{Proceedings of the 10th International Conference on Head-Driven Phrase Structure Grammar, Michigan State University}},
  booktitle = {{Proceedings of the 10th International Conference on Head-Driven Phrase Structure Grammar, Michigan State University}},
  publisher = {CSLI Publications},
  address   = {Stanford, CA},
  OPTissn   = {15351793},
  url       = {http://cslipublications.stanford.edu/HPSG/2003/},
  year      = {2003},
}

