@inproceedings{schlangen-lascarides:2003,
  author    = {Schlangen, David and Lascarides, Alex},
  title     = {A Compositional and Constraint-Based Approach to Non-Sentential Utterances},
  booktitle = {{Proceedings of the 10th International Conference on Head-Driven Phrase Structure Grammar, Michigan State University}},
  editor    = {M{\"u}ller, Stefan},
  OPTissn   = {15351793},
  url       = {http://cslipublications.stanford.edu/HPSG/2003/schlangen-lascarides.pdf},
  publisher = {CSLI Publications},
  address   = {Stanford, CA},
  pages     = {380--390},
  year      = {2003},
}

@inproceedings{schlangen-lascarides:2003-cr,
  crossref  = {Mueller2003a-ed},
  author    = {Schlangen, David and Lascarides, Alex},
  title     = {A Compositional and Constraint-Based Approach to Non-Sentential Utterances},
  url       = {http://cslipublications.stanford.edu/HPSG/2003/schlangen-lascarides.pdf},
  pages     = {380--390},
}

@proceedings{Mueller2003a-ed,
  editor    = {M{\"u}ller, Stefan},
  title     = {{Proceedings of the 10th International Conference on Head-Driven Phrase Structure Grammar, Michigan State University}},
  booktitle = {{Proceedings of the 10th International Conference on Head-Driven Phrase Structure Grammar, Michigan State University}},
  publisher = {CSLI Publications},
  address   = {Stanford, CA},
  OPTissn   = {15351793},
  url       = {http://cslipublications.stanford.edu/HPSG/2003/},
  year      = {2003},
}

