@inproceedings{sells:2003,
  author    = {Sells, Peter},
  title     = {Negatives of imperatives},
  booktitle = {Proceedings of the 10th International Conference on Head-Driven Phrase Structure Grammar, Michigan State University},
  editor    = {Stefan M{\"u}ller},
  OPTissn   = {15351793},
  url       = {http://cslipublications.stanford.edu/HPSG/2003/sells.pdf},
  pages     = {408--408},
  year      = {2003},
}

@inproceedings{sells:2003-cr,
  crossref  = {Mueller2003a-ed},
  author    = {Sells, Peter},
  title     = {Negatives of imperatives},
  url       = {http://cslipublications.stanford.edu/HPSG/2003/sells.pdf},
  pages     = {408--408},
}

@proceedings{Mueller2003a-ed,
  editor    = {Stefan M{\"u}ller},
  title     = {Proceedings of the 10th International Conference on Head-Driven Phrase Structure Grammar, Michigan State University},
  booktitle = {Proceedings of the 10th International Conference on Head-Driven Phrase Structure Grammar, Michigan State University},
  OPTissn   = {15351793},
  url       = {http://cslipublications.stanford.edu/HPSG/2003/},
  year      = {2003},
}

