@inproceedings{vaneynde:2003,
  author    = {Van Eynde, Frank},
  title     = {On the Notion `Determiner'},
  booktitle = {{Proceedings of the 10th International Conference on Head-Driven Phrase Structure Grammar, Michigan State University}},
  editor    = {M{\"u}ller, Stefan},
  OPTissn   = {15351793},
  url       = {http://cslipublications.stanford.edu/HPSG/2003/vaneynde.pdf},
  publisher = {CSLI Publications},
  address   = {Stanford, CA},
  pages     = {391--396},
  year      = {2003},
}

@inproceedings{vaneynde:2003-cr,
  crossref  = {Mueller2003a-ed},
  author    = {Van Eynde, Frank},
  title     = {On the Notion `Determiner'},
  url       = {http://cslipublications.stanford.edu/HPSG/2003/vaneynde.pdf},
  pages     = {391--396},
}

@proceedings{Mueller2003a-ed,
  editor    = {M{\"u}ller, Stefan},
  title     = {{Proceedings of the 10th International Conference on Head-Driven Phrase Structure Grammar, Michigan State University}},
  booktitle = {{Proceedings of the 10th International Conference on Head-Driven Phrase Structure Grammar, Michigan State University}},
  publisher = {CSLI Publications},
  address   = {Stanford, CA},
  OPTissn   = {15351793},
  url       = {http://cslipublications.stanford.edu/HPSG/2003/},
  year      = {2003},
}

