@inproceedings{yoo:2003,
  author    = {Yoo, Eun-Jung},
  title     = {Specificational Pseudoclefts in English},
  booktitle = {{Proceedings of the 10th International Conference on Head-Driven Phrase Structure Grammar, Michigan State University}},
  editor    = {M{\"u}ller, Stefan},
  OPTissn   = {15351793},
  url       = {http://cslipublications.stanford.edu/HPSG/2003/yoo.pdf},
  publisher = {CSLI Publications},
  address   = {Stanford, CA},
  pages     = {397--416},
  year      = {2003},
}

@inproceedings{yoo:2003-cr,
  crossref  = {Mueller2003a-ed},
  author    = {Yoo, Eun-Jung},
  title     = {Specificational Pseudoclefts in English},
  url       = {http://cslipublications.stanford.edu/HPSG/2003/yoo.pdf},
  pages     = {397--416},
}

@proceedings{Mueller2003a-ed,
  editor    = {M{\"u}ller, Stefan},
  title     = {{Proceedings of the 10th International Conference on Head-Driven Phrase Structure Grammar, Michigan State University}},
  booktitle = {{Proceedings of the 10th International Conference on Head-Driven Phrase Structure Grammar, Michigan State University}},
  publisher = {CSLI Publications},
  address   = {Stanford, CA},
  OPTissn   = {15351793},
  url       = {http://cslipublications.stanford.edu/HPSG/2003/},
  year      = {2003},
}

